1122 1868
141 49 181 78 94
314 50 462 82 INDEX
485 52 850 86 GEOGRAPHICUS.

139 134 228 182 crefc'o
245 134 275 163 in
293 136 422 175 Sabinis,
435 139 488 168 ubi
501 139 620 169 Atticus
634 139 784 180 praedium
796 140 934 171 habebat.
951 139 1020 171 Ho-

139 182 232 206 ratius
250 178 434 210 Lucretilem
455 182 595 222 appellat.

187 220 341 252 Lucrinus
355 223 448 261 lacus,
464 225 503 254 ad
523 223 589 254 Att.
607 224 700 263 XIV,
726 226 775 263 16,
791 225 823 255 in
840 223 1018 265 Campania.

182 264 402 304 Lucrinenses,
419 267 456 296 ad
473 266 539 297 Att.
556 268 616 306 IV,
634 269 683 305 10,
696 274 810 307 ostreae,
822 278 890 309 quae
903 268 935 297 in
950 268 1018 298 lacu

140 305 273 336 Lucrino
289 309 457 348 capiuntur.

181 350 349 389 Lupercal,
365 352 404 381 ad.
419 352 490 383 Div.
507 353 586 391 VII,
603 354 656 391 ⁶20,
671 353 754 384 locus
771 353 848 383 Pani
863 363 953 384 sacer.

180 393 364 433 Lusitania,
389 405 457 435 pars
481 395 640 436 Hispaniae
662 396 780 434 veteris,
802 397 889 436 cujus
911 395 1017 436 populi

139 435 296 466 Lusitani.

180 479 312 517 Lusius,
328 479 365 510 de
381 480 453 510 Nat.
476 480 516 511 D.
539 481 606 518 III,
628 482 680 519 22,
702 480 812 512 fluvius
826 481 976 516 Arcadiae,
1000 491 1018 510 a

138 520 268 552 cenario
278 523 415 553 omissus.
439 523 521 553 Eum
532 523 671 554 describit
683 524 813 554 Pausan.
836 524 868 553 in
878 523 1017 554 Arcadic.

137 574 162 593 c.
179 565 220 593 28
234 575 243 599 ;
268 565 321 605 qui
336 566 412 596 circa
427 566 524 596 fontes
546 566 588 597 ita
603 567 747 607 appellari
762 566 844 604 dicit,
861 566 943 607 quod
958 567 980 596 J
983 577 1019 595 u-

135 606 213 646 piter
228 617 329 637 recens
350 615 438 639 natus
452 609 484 638 in
505 620 539 639 eo
556 609 636 639 lotus
652 609 711 645 sit;
735 609 797 650 qua
815 619 884 639 vero
899 608 1019 649 longius

134 660 153 679 a
176 649 258 680 fonte
284 651 410 689 recedat,
437 652 623 692 Cortynium
646 653 684 682 ab
704 653 778 682 urbe
800 651 936 691 Gortyna
963 662 1016 692 ap-

135 692 250 731 pellari-

177 736 351 775 Lycaonia,
374 737 412 767 ad
428 738 495 768 Att.
515 738 556 774 V,
581 738 631 775 15,
648 737 729 778 regio
744 735 827 767 Asiae
842 737 920 767 inter
940 736 1014 767 Cili-

134 776 224 816 ciam,
259 779 417 817 Pisidiam,
449 780 676 821 Pamphyliam,
708 785 736 810 et
767 779 1011 821 Cappadociam;

133 820 214 850 unde
229 822 387 861 Lycaones
403 823 553 853 dicuntur.

177 864 329 903 Lycewn,
355 865 392 895 de
416 866 502 896 Orat.
525 865 552 903 I,
572 866 624 905 21,
641 866 724 896 locus
743 865 888 902 Athenis,
904 865 936 895 in
952 874 1012 906 quo

135 906 293 947 Peripatus
308 908 480 938 Aristotelis
495 915 567 938 crat.

176 950 286 989 Lycia,
308 951 390 991 regio
420 951 504 981 Asiae
528 951 669 988 Minoris,
692 951 730 981 ad
754 961 836 981 mare
864 950 1014 981 Mediter-

133 1001 270 1031 raneum,
304 993 401 1024 Cariae
441 1000 470 1024 et
506 994 697 1035 Pamphylia}
727 994 896 1033 interjecta:
931 993 1012 1023 unde

135 1035 239 1075 Lycii.

173 1079 291 1118 Lydia,
320 1078 400 1119 regio
418 1079 502 1110 Asiae
528 1079 658 1109 Minoris
682 1090 781 1109 versus
801 1089 883 1109 mare
907 1078 1012 1118 J'Egae-

130 1131 196 1157 um,
213 1122 290 1151 inter
307 1121 438 1159 Ioniam,
454 1123 601 1159 AEoliam,
618 1127 647 1152 et
664 1122 829 1163 Phrygiam
845 1131 986 1161 magnam
1000 1132 1010 1156 ς

131 1163 212 1193 unde
226 1164 367 1194 dicuntur
384 1166 470 1205 Lydi
484 1165 599 1206 populi,
612 1175 667 1205 pro
683 1165 765 1195 Flac.
781 1166 813 1201 2,
830 1171 859 1195 et
874 1165 1011 1204 Lydius,

131 1205 169 1236 de
184 1205 256 1237 Div.
274 1207 302 1244 I,
322 1207 371 1236 12.

552 1293 600 1324 Μ.

176 1379 360 1409 λίαεειίοηὶα
384 1379 475 1410 modo
495 1385 539 1410 est
561 1389 630 1420 pars
648 1378 774 1410 Graeciae
791 1378 868 1409 inter
882 1377 1014 1409 Thessa-

130 1421 215 1458 liam,
241 1422 416 1460 Thraciam,
439 1423 658 1460 Acarnaniam,
684 1423 740 1452 ἃς.
756 1422 847 1452 modo
862 1421 1014 1461 provincia

130 1465 271 1494 Romana
287 1465 517 1506 proconsularis,
536 1465 684 1495 Graeciam
696 1464 766 1495 inde
780 1465 818 1494 ab
835 1463 960 1504 Illyride
975 1463 1013 1494 ad

130 1507 280 1537 Graeciam
296 1508 415 1548 proprie
430 1508 471 1539 sic
490 1508 600 1538 dictam
617 1507 779 1538 continens.

171 1551 399 1589 Mzzclzarensz's,
424 1551 456 1580 in
473 1551 560 1582 Verr.
583 1550 644 1591 IV,
665 1551 714 1588 18,
731 1560 749 1580 a
763 1548 921 1580 Machara.
938 1549 1010 1580 Vid.

134 1595 311 1624 Imachara.

171 1637 300 1675 illa-cia,
327 1636 366 1666 ad
390 1634 456 1667 Att.
480 1636 542 1675 IV,
569 1637 621 1673 15,
640 1635 735 1666 tribus
756 1645 827 1676 pop.
852 1634 944 1665 Rom.
969 1635 999 1665 al

130 1680 298 1759 Melitam,
312 1722 350 1753 ad
363 1721 434 1752 Div.
449 1722 510 1759 IV,
525 1722 576 1759 12,
590 1720 830 1762 promontorium
842 1719 1007 1751 Laconicae.
