1122 1868
159 74 222 106 428
329 73 480 105 INDEX
504 71 903 105 GRAECO-LATINUS.

163 159 291 191 Caesaris
317 159 455 201 sepulcro
474 157 646 192 evenissem
674 156 712 188 de
735 167 796 198 quo
818 157 852 189 in
872 157 1052 200 Philippicis

163 202 287 244 passim.
304 203 342 234 ad
354 203 423 233 Att.
442 180 692 239 X1V‚16.1'(V
696 199 724 237 Ι,
744 202 795 231 19.

208 250 326 286 Apta-ro
327 258 447 286 erpa-rum
451 257 476 282 ς,
507 254 677 274 acco-mmo
676 244 732 273 'ale
749 245 791 273 ad
809 249 927 274 statum
941 249 970 274 et
984 255 1053 276 sen-

169 299 240 320 sum
254 291 450 328 optimatum,
466 287 504 318 ad
521 288 586 317 Att.
604 287 632 323 I,
653 289 701 317 14.

209 337 375 371 Αριστοτε)
368 343 440 367 ειον,
457 331 703 366 Aristotelicum,
719 329 758 359 ad
772 332 840 359 Att.
857 327 958 368 XIII,
973 331 1023 362 19.

214 379 427 413 Αριστοτελους
440 375 557 413 Ego-rs?
546 385 601 402 ma
592 386 624 409 ι,
637 374 814 403 Aristotelis
829 373 901 403 latri
912 374 954 403 ita
970 375 1058 412 dicte,

171 416 212 448 ad
228 416 294 447 Att.
313 415 373 453 IV,
394 419 442 446 16.
462 416 535 457 quia
554 416 593 446 ad
612 426 734 446 sensum
754 416 934 456 popularem
949 427 1058 458 prope-

170 459 298 490 modum
321 459 431 499 scripti,
455 465 490 488 ut
511 460 549 489 ab
568 458 615 488 his
633 469 754 498 quoque
776 458 905 499 intelligi
924 466 1057 499 possent,

170 502 225 543 qui
238 502 461 543 philosophiam
473 503 538 541 ejus
549 511 608 531 non
620 501 814 537 didicissent3
832 510 903 531 nam
915 502 946 532 hi
957 504 1060 542 εξωτε-

171 557 241 585 ρικοι
264 545 504 585 appellabantur.
538 544 599 573 His
620 549 816 584 opponuntur
837 556 1059 583 ακροαματικοι,

170 587 225 628 qui
240 587 287 618 his
303 588 485 624 scribuntur,
496 587 550 628 qui
565 586 789 628 philosophiam
799 585 978 625 didicerunt,
989 587 1060 618 doc-

172 630 222 668 115,
239 630 373 660 eruditis.

215 673 364 713 Αρκαὸιαν.
388 673 576 703 Hexameter
597 672 713 713 integer
730 672 772 702 sic
787 672 896 702 habet:
922 671 1062 711 Αρκαδιαν

173 716 203 754 μ’
220 726 328 749 αιτεις·
345 727 420 753 μεγα
435 716 466 753 μ’
484 725 591 749 αιτεις·
614 727 686 744 ουτω
707 715 800 750 {we-w,
821 715 996 745 Arcadiam
1011 726 1060 747 me

166 759 291 798 poscz's‚·
313 769 379 788 ‘rem
395 769 545 797 magnam
561 769 609 788 me
614 758 713 797 poscis
724 770 736 794 ;
760 758 960 799 nequciquam
970 759 1058 797 dabo,

173 801 214 831 ad
229 801 298 831 Att.
314 802 358 838 X,
375 803 405 831 5.
421 801 626 842 proverbium,
643 811 713 832 cum
729 801 797 842 quis
806 801 892 842 petit,
905 801 987 842 quod
997 802 1061 832 fieri

173 854 236 874 non
251 850 360 884 potest,
376 850 430 874 aut
449 844 664 883 difficillimum
683 850 734 874 est.
768 845 800 874 Is
820 854 922 875 versus
941 844 1063 875 oraculo

174 887 273 918 editus
285 893 345 918 est:
362 887 400 918 de
415 897 476 928 quo
488 886 675 926 Herodotus,
688 887 742 917 lib.
756 886 784 926 I,
800 897 825 918 c.
836 888 889 927 66,
905 898 934 928 p.
947 890 998 918 26.
1014 887 1062 918 ed.

175 930 228 960 Ste
250 930 281 960 11.

218 941 338 1013 Eam-01,
361 974 440 1004 Ursa
457 975 556 1013 major
566 979 595 1004 et
608 973 719 1011 minor,
747 973 822 1004 Nat.
838 973 931 1005 Deor.
949 973 998 1012 II,
1011 976 1065 1004 41.

217 1015 362 1055 Ἃρμενιη,
378 1027 551 1055 consensus,
567 1017 604 1047 de
619 1017 711 1047 Univ.
729 1017 759 1046 8.

219 1060 460 1098 Αρρωστηματα,
480 1061 708 1099 aegrotatz'ones,
725 1059 819 1090 Tusc.
831 1058 891 1097 IV,
911 1062 958 1092 10.
975 1070 1063 1092 voca-

175 1101 286 1132 bulum
311 1101 460 1139 Stoicum,
484 1113 521 1132 ex
539 1109 602 1133 arte
625 1102 743 1133 medica
762 1103 941 1133 translatum
957 1109 987 1134 et
1001 1110 1063 1134 tra-

176 1144 303 1174 ductum
330 1144 369 1174 ad
394 1145 552 1182 animumg
587 1145 620 1176 in
646 1155 706 1186 quo
729 1154 837 1185 genere
860 1146 1064 1177 translationis

177 1186 265 1217 nimii
280 1194 364 1217 erant
379 1188 483 1225 Stoici,
499 1188 531 1218 in
549 1188 655 1229 primis
674 1187 877 1229 Chrysippus.
907 1188 945 1218 In
961 1189 1064 1220 animo

176 1229 292 1270 itaque,
305 1236 339 1259 ut
348 1230 380 1260 in
390 1241 522 1271 corpore,
542 1242 605 1261 esse
616 1231 755 1261 dicebant
773 1243 837 1264 νοση
842 1243 924 1269 ματα
934 1238 964 1262 et
974 1234 1066 1272 αρῤω-

178 1284 331 1310 στηματα,
338 1284 407 1314 quae
414 1284 451 1303 ex
460 1273 736 1314 perturbationibus
746 1273 933 1311 exsisterent,
943 1285 1014 1305 cum
1023 1274 1071 1305 in-

177 1315 360 1346 veterassent
377 1316 559 1357 penitusque
577 1316 765 1353 insedissent,
786 1322 945 1357 tamquam
970 1317 1067 1348 avari-

177 1357 265 1395 tiam,
281 1358 384 1398 gloriae
399 1359 607 1399 cupiditatem,
619 1358 878 1389 mulierositatem.
909 1359 1066 1391 Differunt

176 1405 281 1430 autem
296 1413 406 1440 νοσημα
417 1408 447 1432 et
458 1403 637 1441 αῤῥωστημα
648 1402 756 1442 gradu.

222 1448 400 1484 Αρχετυπεν,
424 1444 463 1474 ad
477 1445 546 1474 Att.
564 1443 646 1480 XII,
662 1447 695 1475 5.
715 1444 811 1483 XVI,
831 1445 862 1475 3.
887 1451 932 1476 est
946 1447 1067 1487 proprie

178 1487 338 1525 exemplar
358 1488 594 1526 primigenium.
629 1487 724 1517 Hunc
746 1497 869 1518 sensum
895 1488 987 1520 habet
1011 1490 1065 1520 111).

179 1528 244 1559 XV
249 1527 276 1565 Ι,
300 1539 348 1569 ep.
369 1531 406 1560 3:
432 1540 505 1560 nam
524 1531 567 1561 ibi
587 1530 670 1567 dicit,
690 1540 722 1560 se
742 1531 894 1561 remittere
916 1544 1067 1569 συνταγμα

178 1576 385 1610 retractatum,
402 1583 461 1604 non
485 1585 575 1611 orn-07:
579 1580 649 1611 αφον
666 1573 704 1603 ab
727 1574 867 1614 exemplo
887 1574 997 1615 primo,
1014 1574 1066 1605 sed

178 1613 280 1654 ipsum
302 1626 446 1656 αρχετυπο
450 1629 473 1653 ν,
495 1616 605 1647 crebris
626 1616 699 1646 locis
717 1615 901 1646 inculcatum
921 1623 951 1647 et
972 1617 1065 1648 refec-

177 1661 256 1687 tum.
278 1656 349 1694 Sed,
365 1658 449 1695 XII,
472 1660 502 1695 5,
520 1670 670 1699 αρχετυπα
687 1660 910 1697 Νῖεαείοηιιπι,
932 1660 1006 1697 sive,
1030 1665 1065 1691 ut

177 1699 211 1729 J.
238 1699 275 1730 F.
297 1700 451 1731 Gronovio
472 1706 551 1732 recte
571 1701 719 1741 placebat,
741 1713 970 1737 νεοεικοστωνων,
993 1708 1064 1733 sunt

173 1743 286 1773 tabuloe
299 1753 413 1779 eorum,
433 1746 490 1784 qui
508 1754 611 1775 recens
631 1746 788 1785 mancipe-5
805 1745 986 1787 suntfizcti,
1002 1745 1063 1776 sive
