1122 1868
157 81 215 111 112
324 80 472 111 INDEX
496 80 865 114 GEOGRAPHICUS.

150 166 329 197 cidentalem
347 165 482 205 Trojano
502 177 574 207 agro
596 167 754 208 opposita;
777 169 859 199 unde
886 169 912 199 Τ
910 170 1036 200 enedii:

149 209 182 239 in
197 208 259 249 qua
273 210 344 239 urbs
360 209 494 248 ejusdem
507 209 647 240 nominis.
672 211 745 241 Nat.
760 211 800 240 D.
817 210 880 249 III,
900 213 949 242 15.

196 251 370 291 Terentina,
387 252 425 282 ad
440 252 512 282 Div.
530 251 628 291 VIII,
645 255 676 292 8,
694 254 788 284 tribfis
808 255 966 286 rusticanae
981 264 1036 286 no-

151 304 232 326 men.

198 339 369 375 Terinaeus,
397 338 460 376 Qu.
484 338 576 369 Tusc.
594 338 640 377 ΙΙ,
658 341 710 377 48,
735 350 753 369 a
773 339 885 370 Τενίηᾶ
905 342 980 371 urbe
1003 341 1034 370 in

148 381 290 418 Bruttiis,
321 392 340 411 a
363 391 424 421 quo
446 383 532 412 sinus
567 383 728 413 Terincezcs
759 383 856 413 dictus
886 390 939 413 est.
979 383 1034 413 Gr.

149 429 271 465 Tepstvot.

196 468 380 501 Teuracma
396 467 505 497 rectius
527 470 659 499 Tar-tati
663 480 697 497 zo.

195 511 334 547 Teutmi,
353 511 463 540 Manil.
480 512 532 547 2-1),
557 512 662 552 populi
686 512 859 542 hermaniae
873 511 979 542 veteris
996 511 1035 543 ad

146 554 248 584 sinum
261 553 434 591 Codanum,
451 560 479 583 et
495 554 525 582 in
542 553 648 584 insulis
663 555 728 593 ejus
743 555 846 585 sinus:
870 554 907 585 de
922 554 1034 595 quibus

146 596 206 626 vid.
225 594 336 626 cellar.
360 596 443 625 Diss.
457 596 494 625 de
507 596 640 626 Cimbris
655 604 684 627 et
701 597 861 627 Teutonis.

193 640 326 675 leasus,
344 639 443 668 insula
459 638 565 668 (rraeca
580 639 618 668 ad
633 639 773 669 Thraciae
787 650 882 670 oram.

192 683 367 712 leeauum.
387 683 425 712 1.
446 682 593 711 Teanum.

191 726 315 759 Tlcebae,
332 725 405 754 urbs
420 724 556 754 Boeotiae.

191 769 345 805 leermae,
372 767 459 797 Verr.
478 766 544 805 111,
560 768 614 805 35,
634 767 781 808 oppidum
797 767 927 798 Siciliae:
952 768 1034 800 unde

150 812 377 846 Thermitanus,
394 809 466 840 ibid.
484 812 537 848 43,
554 811 610 840 ἃς.

190 854 411 901 ΤΙῑενῃιοριχῖιρ,
438 859 585 892 angustus
615 853 756 884 transitus
784 864 839 895 per
863 849 1031 895 praeruptbs

141 904 271 934 montes,
288 896 387 927 silvis
379 895 552 936 unpervios,
569 906 606 926 ex
622 896 823 927 Thessaliain
834 897 986 928 Boeotiam
1001 904 1031 928 et

141 940 311 971 Locridem.

186 983 400 1020 leessalom‘ca,
415 983 489 1012 urbs
510 982 711 1013 Macedoniae.

186 1026 328 1066 Thespiae,
355 1026 428 1055 urbs
452 1025 578 1055 Boeotiae
603 1027 660 1056 sub
684 1026 832 1056 Helicone
858 1026 897 1056 ad
926 1027 1028 1058 sinum

140 1069 308 1109 Crisseum,
334 1068 437 1099 Musis
464 1078 557 1106 sacra,
585 1079 656 1109 quae
680 1069 751 1099 inde
780 1069 952 1109 Thespiades
981 1070 1029 1100 di-

138 1119 260 1144 cuntur.

184 1155 361 1195 Thesprotia,
378 1155 460 1195 regio
475 1160 505 1185 et
522 1155 594 1184 urbs
610 1154 709 1195 Epiri,
725 1155 764 1185 ad
779 1155 880 1185 sinum
897 1155 1026 1186 Ambra-

138 1208 232 1229 clum.

183 1241 484 1272 Thrasimenuslacus.
509 1239 549 1270 V.
571 1240 766 1270 Trasimenus.

182 1285 349 1323 Threicius,
362 1284 399 1314 de
411 1283 475 1314 Off.
493 1283 539 1320 ΙΙ,
557 1284 587 1318 7.

182 1327 354 1358 lerccidica
383 1337 468 1356 arma
498 1326 713 1366 gladiatorum,
740 1327 794 1368 qui
825 1327 949 1358 Threces
977 1329 1025 1360 vel

141 1371 265 1402 Thr-aces
281 1371 468 1406 dicebantur,
485 1371 523 1399 ab
539 1375 701 1400 armaturae
714 1380 832 1410 genere.

183 1415 336 1451 Thurium,
353 1419 382 1442 et
400 1413 505 1442 Thurii
525 1412 612 1452 (nam
628 1419 795 1453 utrumque
810 1419 854 1444 est
873 1424 920 1455 ap.
944 1413 1025 1453 Cic.)

134 1457 174 1487 ad
189 1457 257 1486 Att-
275 1456 343 1492 ΙΙΙ,
366 1457 414 1493 15,
431 1454 494 1491 ΙΧ,
516 1458 564 1492 19,
582 1456 653 1485 urbs
666 1455 825 1493 Calabriae,
841 1456 915 1486 olim
931 1458 1024 1497 Syba-

133 1502 176 1529 ris
190 1499 289 1534 dicta;
315 1508 376 1539 quo
396 1498 531 1534 nomine,
548 1504 671 1538 propter
693 1508 830 1529 summas
853 1499 1021 1530 incolarum

134 1542 315 1583 voluptates,
332 1540 474 1570 innotuit.
508 1540 558 1571 De
575 1540 723 1581 scriptura
746 1541 888 1580 nom-inis,
904 1552 933 1572 v.
952 1542 1022 1573 Du-

133 1585 195 1615 ker.
208 1585 246 1615 ad
262 1584 330 1614 Liv
353 1583 415 1613 XX
426 1583 485 1612 XV
488 1582 553 1620 ΙΙΙ,
570 1585 600 1614 9.

174 1628 321 1667 Thyamis,
338 1627 375 1656 ad
392 1626 460 1656 Att.
477 1626 558 1663 VII,
575 1628 606 1664 2,
624 1626 734 1657 fluvius
749 1627 837 1668 Epiri
852 1627 970 1658 nobilis.

174 1671 332 1710 Thyreum,
353 1669 392 1699 ad
408 1669 480 1698 Div.
497 1669 561 1699 XV
564 1667 591 1705 1,
614 1671 645 1706 5,
669 1669 817 1711 oppidum
833 1671 1015 1702 Acarnaniae

126 1723 219 1756 prope
234 1722 317 1743 mare
332 1718 360 1742 et
377 1713 483 1742 urbem
501 1711 682 1742 Leucadem.
