<?xml version="1.0" encoding="UTF-8"?>
<!DOCTYPE html PUBLIC "-//W3C//DTD XHTML 1.0 Transitional//EN"
    "http://www.w3.org/TR/xhtml1/DTD/xhtml1-transitional.dtd">
<html xmlns="http://www.w3.org/1999/xhtml" xml:lang="en" lang="en">
 <head>
  <title>
</title>
<meta http-equiv="Content-Type" content="text/html;charset=utf-8" />
  <meta name='ocr-system' content='tesseract 3.04.00' />
  <meta name='ocr-capabilities' content='ocr_page ocr_carea ocr_par ocr_line ocrx_word'/>
</head>
<body>
  <div class='ocr_page' id='page_1' title='image "./operaern12ciceuoft_0355.png"; bbox 0 0 1137 1848; ppageno 0'>
   <div class='ocr_carea' id='block_1_1' title="bbox 313 58 987 92">
    <p class='ocr_par' dir='ltr' id='par_1_1' title="bbox 313 58 987 92">
     <span class='ocr_line' id='line_1_1' title="bbox 313 58 987 92; baseline -0.001 -1"><span class='ocrx_word' id='word_1_1' title='bbox 313 59 464 91; x_wconf 90' lang='lat' dir='ltr'>INDEX</span> <span class='ocrx_word' id='word_1_2' title='bbox 484 58 772 92; x_wconf 84' lang='lat' dir='ltr'>HISTORICUS.</span> <span class='ocrx_word' id='word_1_3' title='bbox 923 59 987 90; x_wconf 80' lang='lat'>343</span> 
     </span>
    </p>
   </div>
   <div class='ocr_carea' id='block_1_2' title="bbox 94 144 988 1776">
    <p class='ocr_par' dir='ltr' id='par_1_2' title="bbox 96 144 985 219">
     <span class='ocr_line' id='line_1_2' title="bbox 139 144 985 187; baseline 0 -11"><span class='ocrx_word' id='word_1_4' title='bbox 139 145 272 183; x_wconf 79' lang='lat' dir='ltr'><em>Procles,</em></span> <span class='ocrx_word' id='word_1_5' title='bbox 286 145 358 176; x_wconf 86' lang='lat' dir='ltr'>Div.</span> <span class='ocrx_word' id='word_1_6' title='bbox 372 146 420 183; x_wconf 90' lang='grc' dir='ltr'>ΙΙ,</span> <span class='ocrx_word' id='word_1_7' title='bbox 437 147 488 176; x_wconf 81' lang='grc'><strong>43.</strong></span> <span class='ocrx_word' id='word_1_8' title='bbox 511 145 713 187; x_wconf 84' lang='lat' dir='ltr'>Eurysthenis</span> <span class='ocrx_word' id='word_1_9' title='bbox 727 146 819 177; x_wconf 86' lang='lat' dir='ltr'>frater</span> <span class='ocrx_word' id='word_1_10' title='bbox 833 144 985 187; x_wconf 85' lang='lat' dir='ltr'>geminus,</span> 
     </span>
     <span class='ocr_line' id='line_1_3' title="bbox 96 189 477 219; baseline -0.003 0"><span class='ocrx_word' id='word_1_11' title='bbox 96 199 149 219; x_wconf 83' lang='lat' dir='ltr'>rex</span> <span class='ocrx_word' id='word_1_12' title='bbox 166 189 477 219; x_wconf 66' lang='lat' dir='ltr'>Lacedaemoniorum.</span> 
     </span>
    </p>

    <p class='ocr_par' dir='ltr' id='par_1_3' title="bbox 96 230 984 314">
     <span class='ocr_line' id='line_1_4' title="bbox 142 230 984 273; baseline -0.001 -12"><span class='ocrx_word' id='word_1_13' title='bbox 142 232 306 269; x_wconf 81' lang='lat' dir='ltr'>Proculus,</span> <span class='ocrx_word' id='word_1_14' title='bbox 322 233 438 270; x_wconf 77' lang='lat' dir='ltr'>Julius,</span> <span class='ocrx_word' id='word_1_15' title='bbox 454 232 529 272; x_wconf 84' lang='lat' dir='ltr'>Leg.</span> <span class='ocrx_word' id='word_1_16' title='bbox 546 230 574 269; x_wconf 85' lang='lat' dir='ltr'>I,</span> <span class='ocrx_word' id='word_1_17' title='bbox 595 235 620 262; x_wconf 93' lang='lat' dir='ltr'>l.</span> <span class='ocrx_word' id='word_1_18' title='bbox 634 232 661 262; x_wconf 89' lang='lat' dir='ltr'>ei</span> <span class='ocrx_word' id='word_1_19' title='bbox 678 232 831 262; x_wconf 84' lang='lat' dir='ltr'>Romulus</span> <span class='ocrx_word' id='word_1_20' title='bbox 847 236 984 273; x_wconf 82' lang='lat' dir='ltr'>apparet,</span> 
     </span>
     <span class='ocr_line' id='line_1_5' title="bbox 96 275 628 314; baseline -0.002 -9"><span class='ocrx_word' id='word_1_21' title='bbox 96 280 126 305; x_wconf 90' lang='lat' dir='ltr'>et</span> <span class='ocrx_word' id='word_1_22' title='bbox 141 286 171 305; x_wconf 89' lang='lat' dir='ltr'>se</span> <span class='ocrx_word' id='word_1_23' title='bbox 185 275 352 312; x_wconf 82' lang='lat' dir='ltr'>Quirinum</span> <span class='ocrx_word' id='word_1_24' title='bbox 368 275 518 305; x_wconf 85' lang='lat' dir='ltr'>nominari</span> <span class='ocrx_word' id='word_1_25' title='bbox 530 275 628 314; x_wconf 86' lang='lat' dir='ltr'>jubet.</span> 
     </span>
    </p>

    <p class='ocr_par' dir='ltr' id='par_1_4' title="bbox 140 317 682 358">
     <span class='ocr_line' id='line_1_6' title="bbox 140 317 682 358; baseline -0.002 -10"><span class='ocrx_word' id='word_1_26' title='bbox 140 318 292 358; x_wconf 75' lang='lat' dir='ltr'><em>Procyon,</em></span> <span class='ocrx_word' id='word_1_27' title='bbox 309 319 382 348; x_wconf 84' lang='lat' dir='ltr'>Nat.</span> <span class='ocrx_word' id='word_1_28' title='bbox 400 317 440 347; x_wconf 91' lang='lat' dir='ltr'>D.</span> <span class='ocrx_word' id='word_1_29' title='bbox 458 317 505 355; x_wconf 93' lang='lat' dir='ltr'>II,</span> <span class='ocrx_word' id='word_1_30' title='bbox 522 318 573 347; x_wconf 79' lang='lat'>44.</span> <span class='ocrx_word' id='word_1_31' title='bbox 590 317 682 347; x_wconf 80' lang='lat' dir='ltr'>sidus.</span> 
     </span>
    </p>

    <p class='ocr_par' dir='ltr' id='par_1_5' title="bbox 94 359 984 563">
     <span class='ocr_line' id='line_1_7' title="bbox 144 359 984 398; baseline 0.001 -9"><span class='ocrx_word' id='word_1_32' title='bbox 144 360 303 398; x_wconf 80' lang='lat' dir='ltr'>Prodicus,</span> <span class='ocrx_word' id='word_1_33' title='bbox 321 361 427 397; x_wconf 88' lang='lat' dir='ltr'>Chius,</span> <span class='ocrx_word' id='word_1_34' title='bbox 445 361 519 390; x_wconf 87' lang='lat' dir='ltr'>Nat.</span> <span class='ocrx_word' id='word_1_35' title='bbox 534 360 575 390; x_wconf 90' lang='lat' dir='ltr'>D.</span> <span class='ocrx_word' id='word_1_36' title='bbox 590 360 617 397; x_wconf 98' lang='grc' dir='ltr'>Ι,</span> <span class='ocrx_word' id='word_1_37' title='bbox 631 362 682 390; x_wconf 78' lang='grc'>42.</span> <span class='ocrx_word' id='word_1_38' title='bbox 699 360 848 391; x_wconf 50' lang='lat' dir='ltr'>sententie</span> <span class='ocrx_word' id='word_1_39' title='bbox 864 360 901 390; x_wconf 87' lang='lat' dir='ltr'>de</span> <span class='ocrx_word' id='word_1_40' title='bbox 914 359 984 391; x_wconf 87' lang='lat' dir='ltr'>Diis</span> 
     </span>
     <span class='ocr_line' id='line_1_8' title="bbox 96 403 982 440; baseline -0.001 -6"><span class='ocrx_word' id='word_1_41' title='bbox 96 403 181 434; x_wconf 85' lang='lat' dir='ltr'><strong>Deos</strong></span> <span class='ocrx_word' id='word_1_42' title='bbox 210 404 297 434; x_wconf 86' lang='lat' dir='ltr'>tollit.</span> <span class='ocrx_word' id='word_1_43' title='bbox 331 404 391 434; x_wconf 93' lang='lat' dir='ltr'>Pro</span> <span class='ocrx_word' id='word_1_44' title='bbox 423 404 533 440; x_wconf 75' lang='lat' dir='ltr'>Chius,</span> <span class='ocrx_word' id='word_1_45' title='bbox 561 403 723 439; x_wconf 84' lang='lat' dir='ltr'>edidimus,</span> <span class='ocrx_word' id='word_1_46' title='bbox 748 413 818 433; x_wconf 84' lang='lat' dir='ltr'>cum</span> <span class='ocrx_word' id='word_1_47' title='bbox 845 403 982 440; x_wconf 88' lang='lat' dir='ltr'>Davisio,</span> 
     </span>
     <span class='ocr_line' id='line_1_9' title="bbox 98 445 983 487; baseline 0.001 -12"><span class='ocrx_word' id='word_1_48' title='bbox 98 447 188 477; x_wconf 81' lang='lat' dir='ltr'>Ceus.</span> <span class='ocrx_word' id='word_1_49' title='bbox 212 447 252 477; x_wconf 92' lang='lat' dir='ltr'>V.</span> <span class='ocrx_word' id='word_1_50' title='bbox 271 447 465 487; x_wconf 84' lang='lat' dir='ltr'>Menagium,</span> <span class='ocrx_word' id='word_1_51' title='bbox 493 446 531 476; x_wconf 87' lang='lat' dir='ltr'>ad</span> <span class='ocrx_word' id='word_1_52' title='bbox 557 446 661 476; x_wconf 72' lang='lat' dir='ltr'>Lae’rt.</span> <span class='ocrx_word' id='word_1_53' title='bbox 680 445 741 483; x_wconf 84' lang='lat' dir='ltr'>IX,</span> <span class='ocrx_word' id='word_1_54' title='bbox 764 447 815 475; x_wconf 85' lang='lat'>50.</span> <span class='ocrx_word' id='word_1_55' title='bbox 840 446 896 476; x_wconf 89' lang='lat' dir='ltr'>Or.</span> <span class='ocrx_word' id='word_1_56' title='bbox 915 446 983 484; x_wconf 87' lang='grc' dir='ltr'>ΙΙΙ,</span> 
     </span>
     <span class='ocr_line' id='line_1_10' title="bbox 94 489 984 530; baseline 0 -12"><span class='ocrx_word' id='word_1_57' title='bbox 94 493 147 519; x_wconf 75' lang='grc'><strong>32.</strong></span> <span class='ocrx_word' id='word_1_58' title='bbox 158 490 195 520; x_wconf 88' lang='lat' dir='ltr'>de</span> <span class='ocrx_word' id='word_1_59' title='bbox 207 490 316 520; x_wconf 57' lang='lat' dir='ltr'>natura</span> <span class='ocrx_word' id='word_1_60' title='bbox 326 500 427 520; x_wconf 87' lang='lat' dir='ltr'>rerum</span> <span class='ocrx_word' id='word_1_61' title='bbox 437 489 564 530; x_wconf 65' lang='lat' dir='ltr'>scripsit,</span> <span class='ocrx_word' id='word_1_62' title='bbox 581 489 631 520; x_wconf 87' lang='lat' dir='ltr'>De</span> <span class='ocrx_word' id='word_1_63' title='bbox 647 489 781 520; x_wconf 86' lang='lat' dir='ltr'>Hercule</span> <span class='ocrx_word' id='word_1_64' title='bbox 792 489 942 528; x_wconf 84' lang='lat' dir='ltr'>Prodicio,</span> <span class='ocrx_word' id='word_1_65' title='bbox 955 500 984 519; x_wconf 91' lang='lat' dir='ltr'>v.</span> 
     </span>
     <span class='ocr_line' id='line_1_11' title="bbox 96 532 302 563; baseline 0 -1"><span class='ocrx_word' id='word_1_66' title='bbox 96 533 128 562; x_wconf 91' lang='lat' dir='ltr'>in</span> <span class='ocrx_word' id='word_1_67' title='bbox 145 532 302 563; x_wconf 70' lang='lat' dir='ltr'>Hercules.</span> 
     </span>
    </p>

    <p class='ocr_par' dir='ltr' id='par_1_6' title="bbox 139 574 683 614">
     <span class='ocr_line' id='line_1_12' title="bbox 139 574 683 614; baseline 0 -9"><span class='ocrx_word' id='word_1_68' title='bbox 139 576 350 613; x_wconf 80' lang='lat' dir='ltr'>Prometheus,</span> <span class='ocrx_word' id='word_1_69' title='bbox 367 576 405 605; x_wconf 89' lang='lat' dir='ltr'>ad</span> <span class='ocrx_word' id='word_1_70' title='bbox 422 576 558 606; x_wconf 80' lang='lat' dir='ltr'>Herenn.</span> <span class='ocrx_word' id='word_1_71' title='bbox 575 574 635 614; x_wconf 82' lang='lat' dir='ltr'>IV,</span> <span class='ocrx_word' id='word_1_72' title='bbox 653 578 683 605; x_wconf 89' lang='lat'>6.</span> 
     </span>
    </p>

    <p class='ocr_par' dir='ltr' id='par_1_7' title="bbox 97 617 985 692">
     <span class='ocr_line' id='line_1_13' title="bbox 140 617 985 659; baseline -0.001 -10"><span class='ocrx_word' id='word_1_73' title='bbox 140 620 226 649; x_wconf 60' lang='lat' dir='ltr'>Sext.</span> <span class='ocrx_word' id='word_1_74' title='bbox 248 619 438 659; x_wconf 75' lang='lat' dir='ltr'><em>Propertius,</em></span> <span class='ocrx_word' id='word_1_75' title='bbox 455 619 548 649; x_wconf 89' lang='lat' dir='ltr'>Dom.</span> <span class='ocrx_word' id='word_1_76' title='bbox 571 619 620 649; x_wconf 88' lang='grc'>19.</span> <span class='ocrx_word' id='word_1_77' title='bbox 638 618 787 659; x_wconf 81' lang='lat' dir='ltr'>Propertii</span> <span class='ocrx_word' id='word_1_78' title='bbox 799 623 872 649; x_wconf 89' lang='lat' dir='ltr'>sunt</span> <span class='ocrx_word' id='word_1_79' title='bbox 886 617 985 659; x_wconf 82' lang='lat' dir='ltr'>gentis</span> 
     </span>
     <span class='ocr_line' id='line_1_14' title="bbox 97 661 244 692; baseline -0.007 0"><span class='ocrx_word' id='word_1_80' title='bbox 97 661 244 692; x_wconf 81' lang='lat' dir='ltr'>Aureliae.</span> 
     </span>
    </p>

    <p class='ocr_par' dir='ltr' id='par_1_8' title="bbox 96 703 987 917">
     <span class='ocr_line' id='line_1_15' title="bbox 144 703 985 744; baseline -0.002 -8"><span class='ocrx_word' id='word_1_81' title='bbox 144 707 345 744; x_wconf 42' lang='lat' dir='ltr'>Protagora&amp;</span> <span class='ocrx_word' id='word_1_82' title='bbox 359 705 434 735; x_wconf 88' lang='lat' dir='ltr'>Nat.</span> <span class='ocrx_word' id='word_1_83' title='bbox 458 704 500 735; x_wconf 92' lang='lat' dir='ltr'>D.</span> <span class='ocrx_word' id='word_1_84' title='bbox 524 703 552 741; x_wconf 88' lang='lat' dir='ltr'>I,</span> <span class='ocrx_word' id='word_1_85' title='bbox 576 707 627 735; x_wconf 83' lang='lat'>23.</span> <span class='ocrx_word' id='word_1_86' title='bbox 654 703 831 743; x_wconf 76' lang='lat' dir='ltr'>Abderites,</span> <span class='ocrx_word' id='word_1_87' title='bbox 852 703 985 735; x_wconf 83' lang='lat' dir='ltr'>Athenis</span> 
     </span>
     <span class='ocr_line' id='line_1_16' title="bbox 96 748 986 788; baseline 0 -10"><span class='ocrx_word' id='word_1_88' title='bbox 96 748 224 788; x_wconf 82' lang='lat' dir='ltr'>ejicitur,</span> <span class='ocrx_word' id='word_1_89' title='bbox 248 754 277 778; x_wconf 82' lang='lat' dir='ltr'>et</span> <span class='ocrx_word' id='word_1_90' title='bbox 296 748 366 778; x_wconf 86' lang='lat' dir='ltr'>libri</span> <span class='ocrx_word' id='word_1_91' title='bbox 386 749 450 787; x_wconf 88' lang='lat' dir='ltr'>ejus</span> <span class='ocrx_word' id='word_1_92' title='bbox 470 748 700 777; x_wconf 86' lang='lat' dir='ltr'>comburuntur.</span> <span class='ocrx_word' id='word_1_93' title='bbox 730 748 820 778; x_wconf 86' lang='lat' dir='ltr'>Brut.</span> <span class='ocrx_word' id='word_1_94' title='bbox 840 750 887 777; x_wconf 75' lang='lat' dir='ltr'>le.</span> <span class='ocrx_word' id='word_1_95' title='bbox 906 748 986 778; x_wconf 89' lang='lat' dir='ltr'>locos</span> 
     </span>
     <span class='ocr_line' id='line_1_17' title="bbox 97 790 987 831; baseline -0.001 -10"><span class='ocrx_word' id='word_1_96' title='bbox 97 801 274 821; x_wconf 72' lang='lat' dir='ltr'>communes</span> <span class='ocrx_word' id='word_1_97' title='bbox 291 791 418 831; x_wconf 73' lang='lat' dir='ltr'>scripsit,</span> <span class='ocrx_word' id='word_1_98' title='bbox 436 797 465 821; x_wconf 83' lang='lat' dir='ltr'>et</span> <span class='ocrx_word' id='word_1_99' title='bbox 480 800 581 820; x_wconf 84' lang='lat' dir='ltr'>rerum</span> <span class='ocrx_word' id='word_1_100' title='bbox 597 790 787 831; x_wconf 82' lang='lat' dir='ltr'>singularum</span> <span class='ocrx_word' id='word_1_101' title='bbox 797 790 987 821; x_wconf 85' lang='lat' dir='ltr'>laudationes</span> 
     </span>
     <span class='ocr_line' id='line_1_18' title="bbox 98 832 985 874; baseline 0.001 -11"><span class='ocrx_word' id='word_1_102' title='bbox 98 833 403 874; x_wconf 82' lang='lat' dir='ltr'>vituperationesque.</span> <span class='ocrx_word' id='word_1_103' title='bbox 432 833 489 864; x_wconf 92' lang='lat' dir='ltr'>Or.</span> <span class='ocrx_word' id='word_1_104' title='bbox 517 832 583 869; x_wconf 88' lang='lat' dir='ltr'>III,</span> <span class='ocrx_word' id='word_1_105' title='bbox 608 834 660 862; x_wconf 82' lang='lat'>32.</span> <span class='ocrx_word' id='word_1_106' title='bbox 686 833 724 863; x_wconf 88' lang='lat' dir='ltr'>de</span> <span class='ocrx_word' id='word_1_107' title='bbox 747 834 857 864; x_wconf 55' lang='lat' dir='ltr'>natur&amp;</span> <span class='ocrx_word' id='word_1_108' title='bbox 883 843 985 864; x_wconf 87' lang='lat' dir='ltr'>rerum</span> 
     </span>
     <span class='ocr_line' id='line_1_19' title="bbox 99 875 750 917; baseline -0.003 -10"><span class='ocrx_word' id='word_1_109' title='bbox 99 876 226 917; x_wconf 81' lang='lat' dir='ltr'>scripsit.</span> <span class='ocrx_word' id='word_1_110' title='bbox 244 877 317 907; x_wconf 84' lang='lat' dir='ltr'>Nat.</span> <span class='ocrx_word' id='word_1_111' title='bbox 330 877 371 906; x_wconf 93' lang='lat' dir='ltr'>D.</span> <span class='ocrx_word' id='word_1_112' title='bbox 389 877 417 914; x_wconf 88' lang='grc' dir='ltr'>Ι,</span> <span class='ocrx_word' id='word_1_113' title='bbox 438 879 466 906; x_wconf 83' lang='lat'>1.</span> <span class='ocrx_word' id='word_1_114' title='bbox 482 875 520 906; x_wconf 89' lang='lat' dir='ltr'>de</span> <span class='ocrx_word' id='word_1_115' title='bbox 535 876 605 905; x_wconf 90' lang='lat' dir='ltr'>Diis</span> <span class='ocrx_word' id='word_1_116' title='bbox 620 875 750 906; x_wconf 84' lang='lat' dir='ltr'>dubitat.</span> 
     </span>
    </p>

    <p class='ocr_par' dir='ltr' id='par_1_9' title="bbox 96 918 988 1043">
     <span class='ocr_line' id='line_1_20' title="bbox 141 918 985 959; baseline 0 -10"><span class='ocrx_word' id='word_1_117' title='bbox 141 920 333 958; x_wconf 76' lang='lat' dir='ltr'>Protogenes,</span> <span class='ocrx_word' id='word_1_118' title='bbox 354 920 416 949; x_wconf 89' lang='lat' dir='ltr'>Att.</span> <span class='ocrx_word' id='word_1_119' title='bbox 434 918 542 957; x_wconf 81' lang='grc' dir='ltr'>ΙΙ,21.</span> <span class='ocrx_word' id='word_1_120' title='bbox 562 919 700 959; x_wconf 80' lang='lat' dir='ltr'>I&#39;a&#39;lysum</span> <span class='ocrx_word' id='word_1_121' title='bbox 716 918 794 949; x_wconf 89' lang='lat' dir='ltr'>fecit.</span> <span class='ocrx_word' id='word_1_122' title='bbox 822 919 912 949; x_wconf 78' lang='lat' dir='ltr'>Brut.</span> <span class='ocrx_word' id='word_1_123' title='bbox 934 919 985 949; x_wconf 85' lang='lat'>18.</span> 
     </span>
     <span class='ocr_line' id='line_1_21' title="bbox 96 961 988 1003; baseline 0.001 -11"><span class='ocrx_word' id='word_1_124' title='bbox 96 962 201 1003; x_wconf 92' lang='lat' dir='ltr'>pictor.</span> <span class='ocrx_word' id='word_1_125' title='bbox 226 963 388 993; x_wconf 81' lang='lat' dir='ltr'>Cauneus:</span> <span class='ocrx_word' id='word_1_126' title='bbox 413 962 491 993; x_wconf 85' lang='lat' dir='ltr'>circa</span> <span class='ocrx_word' id='word_1_127' title='bbox 512 961 640 1002; x_wconf 87' lang='lat' dir='ltr'>Olymp.</span> <span class='ocrx_word' id='word_1_128' title='bbox 664 962 724 991; x_wconf 83' lang='lat'>112</span> <span class='ocrx_word' id='word_1_129' title='bbox 741 962 851 993; x_wconf 81' lang='lat' dir='ltr'>floruit.</span> <span class='ocrx_word' id='word_1_130' title='bbox 877 962 928 993; x_wconf 93' lang='lat' dir='ltr'>De</span> <span class='ocrx_word' id='word_1_131' title='bbox 952 973 988 993; x_wconf 89' lang='lat' dir='ltr'>eo</span> 
     </span>
     <span class='ocr_line' id='line_1_22' title="bbox 96 1005 479 1043; baseline 0 -8"><span class='ocrx_word' id='word_1_132' title='bbox 96 1005 158 1035; x_wconf 87' lang='lat' dir='ltr'>vid.</span> <span class='ocrx_word' id='word_1_133' title='bbox 172 1005 253 1035; x_wconf 88' lang='lat' dir='ltr'>Plin.</span> <span class='ocrx_word' id='word_1_134' title='bbox 266 1005 410 1043; x_wconf 88' lang='lat' dir='ltr'>XXXV,</span> <span class='ocrx_word' id='word_1_135' title='bbox 432 1009 479 1036; x_wconf 77' lang='lat'>10.</span> 
     </span>
    </p>

    <p class='ocr_par' dir='ltr' id='par_1_10' title="bbox 141 1046 920 1088">
     <span class='ocr_line' id='line_1_23' title="bbox 141 1046 920 1088; baseline 0 -10"><span class='ocrx_word' id='word_1_136' title='bbox 141 1049 336 1088; x_wconf 73' lang='lat' dir='ltr'>Protogenes,</span> <span class='ocrx_word' id='word_1_137' title='bbox 353 1048 391 1078; x_wconf 85' lang='lat' dir='ltr'>ad</span> <span class='ocrx_word' id='word_1_138' title='bbox 407 1048 479 1078; x_wconf 85' lang='lat' dir='ltr'>Div.</span> <span class='ocrx_word' id='word_1_139' title='bbox 497 1046 576 1084; x_wconf 89' lang='lat' dir='ltr'>VII,</span> <span class='ocrx_word' id='word_1_140' title='bbox 596 1049 623 1076; x_wconf 90' lang='lat'>1.</span> <span class='ocrx_word' id='word_1_141' title='bbox 641 1046 690 1077; x_wconf 88' lang='lat' dir='ltr'>M.</span> <span class='ocrx_word' id='word_1_142' title='bbox 707 1047 803 1078; x_wconf 82' lang='lat' dir='ltr'>Marii</span> <span class='ocrx_word' id='word_1_143' title='bbox 817 1048 920 1079; x_wconf 81' lang='lat' dir='ltr'>lector.</span> 
     </span>
    </p>

    <p class='ocr_par' dir='ltr' id='par_1_11' title="bbox 98 1089 988 1217">
     <span class='ocr_line' id='line_1_24' title="bbox 141 1089 987 1132; baseline 0.001 -11"><span class='ocrx_word' id='word_1_144' title='bbox 141 1091 284 1129; x_wconf 80' lang='lat' dir='ltr'>Prusias,</span> <span class='ocrx_word' id='word_1_145' title='bbox 304 1102 356 1122; x_wconf 87' lang='lat' dir='ltr'>rex</span> <span class='ocrx_word' id='word_1_146' title='bbox 372 1090 538 1132; x_wconf 81' lang='lat' dir='ltr'>Bithyniae.</span> <span class='ocrx_word' id='word_1_147' title='bbox 571 1090 644 1120; x_wconf 90' lang='lat' dir='ltr'>Div.</span> <span class='ocrx_word' id='word_1_148' title='bbox 664 1089 710 1128; x_wconf 87' lang='grc' dir='ltr'>ΙΙ,</span> <span class='ocrx_word' id='word_1_149' title='bbox 726 1094 778 1122; x_wconf 80' lang='grc'><strong>24.</strong></span> <span class='ocrx_word' id='word_1_150' title='bbox 806 1092 889 1132; x_wconf 86' lang='lat' dir='ltr'>apud</span> <span class='ocrx_word' id='word_1_151' title='bbox 915 1101 987 1122; x_wconf 89' lang='lat' dir='ltr'>eum</span> 
     </span>
     <span class='ocr_line' id='line_1_25' title="bbox 99 1133 988 1176; baseline 0.002 -12"><span class='ocrx_word' id='word_1_152' title='bbox 99 1134 258 1165; x_wconf 85' lang='lat' dir='ltr'>Hannibal</span> <span class='ocrx_word' id='word_1_153' title='bbox 274 1134 401 1164; x_wconf 83' lang='lat' dir='ltr'>exsulat.</span> <span class='ocrx_word' id='word_1_154' title='bbox 425 1134 529 1174; x_wconf 85' lang='lat' dir='ltr'>Negat</span> <span class='ocrx_word' id='word_1_155' title='bbox 544 1143 575 1163; x_wconf 88' lang='lat' dir='ltr'>se</span> <span class='ocrx_word' id='word_1_156' title='bbox 595 1133 715 1172; x_wconf 82' lang='lat' dir='ltr'>audere,</span> <span class='ocrx_word' id='word_1_157' title='bbox 733 1134 815 1174; x_wconf 91' lang='lat' dir='ltr'>quod</span> <span class='ocrx_word' id='word_1_158' title='bbox 831 1140 901 1165; x_wconf 85' lang='lat' dir='ltr'>exta</span> <span class='ocrx_word' id='word_1_159' title='bbox 918 1145 988 1176; x_wconf 86' lang='lat' dir='ltr'>pro-</span> 
     </span>
     <span class='ocr_line' id='line_1_26' title="bbox 98 1176 880 1217; baseline -0.001 -10"><span class='ocrx_word' id='word_1_160' title='bbox 98 1176 231 1208; x_wconf 85' lang='lat' dir='ltr'>hibeant.</span> <span class='ocrx_word' id='word_1_161' title='bbox 256 1177 306 1207; x_wconf 87' lang='lat' dir='ltr'>De</span> <span class='ocrx_word' id='word_1_162' title='bbox 321 1187 355 1208; x_wconf 89' lang='lat' dir='ltr'>eo</span> <span class='ocrx_word' id='word_1_163' title='bbox 372 1188 399 1207; x_wconf 92' lang='lat' dir='ltr'>v.</span> <span class='ocrx_word' id='word_1_164' title='bbox 417 1177 485 1207; x_wconf 90' lang='lat' dir='ltr'>Liv.</span> <span class='ocrx_word' id='word_1_165' title='bbox 503 1176 610 1213; x_wconf 86' lang='lat' dir='ltr'>XLV,</span> <span class='ocrx_word' id='word_1_166' title='bbox 628 1182 704 1206; x_wconf 81' lang='lat' dir='ltr'>extr.</span> <span class='ocrx_word' id='word_1_167' title='bbox 728 1177 814 1217; x_wconf 87' lang='lat' dir='ltr'>Epit.</span> <span class='ocrx_word' id='word_1_168' title='bbox 829 1178 880 1206; x_wconf 88' lang='lat'>51.</span> 
     </span>
    </p>

    <p class='ocr_par' dir='ltr' id='par_1_12' title="bbox 99 1218 988 1304">
     <span class='ocr_line' id='line_1_27' title="bbox 144 1218 988 1260; baseline 0.002 -11"><span class='ocrx_word' id='word_1_169' title='bbox 144 1220 433 1260; x_wconf 77' lang='lat' dir='ltr'>Pseudophilippus,</span> <span class='ocrx_word' id='word_1_170' title='bbox 465 1220 544 1260; x_wconf 83' lang='lat' dir='ltr'>Agr.</span> <span class='ocrx_word' id='word_1_171' title='bbox 565 1218 612 1257; x_wconf 83' lang='lat' dir='ltr'>II,</span> <span class='ocrx_word' id='word_1_172' title='bbox 636 1220 687 1249; x_wconf 85' lang='lat'>33.</span> <span class='ocrx_word' id='word_1_173' title='bbox 717 1229 850 1260; x_wconf 87' lang='lat' dir='ltr'>quocum</span> <span class='ocrx_word' id='word_1_174' title='bbox 870 1220 988 1251; x_wconf 87' lang='lat' dir='ltr'>bellum</span> 
     </span>
     <span class='ocr_line' id='line_1_28' title="bbox 99 1261 563 1304; baseline -0.002 -11"><span class='ocrx_word' id='word_1_175' title='bbox 99 1261 290 1294; x_wconf 70' lang='lat' dir='ltr'>Macedonic-</span> <span class='ocrx_word' id='word_1_176' title='bbox 308 1262 362 1293; x_wconf 92' lang='lat' dir='ltr'>III</span> <span class='ocrx_word' id='word_1_177' title='bbox 377 1269 496 1304; x_wconf 85' lang='lat' dir='ltr'>gestum</span> <span class='ocrx_word' id='word_1_178' title='bbox 510 1268 563 1292; x_wconf 85' lang='lat' dir='ltr'>est.</span> 
     </span>
    </p>

    <p class='ocr_par' dir='ltr' id='par_1_13' title="bbox 98 1304 987 1431">
     <span class='ocr_line' id='line_1_29' title="bbox 143 1304 986 1347; baseline 0.001 -12"><span class='ocrx_word' id='word_1_179' title='bbox 143 1306 335 1343; x_wconf 83' lang='lat' dir='ltr'>Ptolemaeus,</span> <span class='ocrx_word' id='word_1_180' title='bbox 348 1306 427 1347; x_wconf 85' lang='lat' dir='ltr'>Lagi</span> <span class='ocrx_word' id='word_1_181' title='bbox 442 1306 484 1336; x_wconf 86' lang='lat' dir='ltr'>ffl.</span> <span class='ocrx_word' id='word_1_182' title='bbox 502 1305 574 1335; x_wconf 89' lang='lat' dir='ltr'>Div.</span> <span class='ocrx_word' id='word_1_183' title='bbox 593 1304 639 1341; x_wconf 90' lang='lat' dir='ltr'>II,</span> <span class='ocrx_word' id='word_1_184' title='bbox 656 1305 708 1335; x_wconf 83' lang='lat'>66.</span> <span class='ocrx_word' id='word_1_185' title='bbox 723 1304 787 1335; x_wconf 82' lang='lat' dir='ltr'>dux</span> <span class='ocrx_word' id='word_1_186' title='bbox 803 1305 986 1344; x_wconf 82' lang='lat' dir='ltr'>Alexandri,</span> 
     </span>
     <span class='ocr_line' id='line_1_30' title="bbox 98 1348 987 1386; baseline 0.001 -8"><span class='ocrx_word' id='word_1_187' title='bbox 98 1355 246 1380; x_wconf 82' lang='lat' dir='ltr'>venenato</span> <span class='ocrx_word' id='word_1_188' title='bbox 258 1350 317 1379; x_wconf 87' lang='lat' dir='ltr'>telo</span> <span class='ocrx_word' id='word_1_189' title='bbox 332 1349 420 1385; x_wconf 83' lang='lat' dir='ltr'>ictus,</span> <span class='ocrx_word' id='word_1_190' title='bbox 437 1358 507 1379; x_wconf 89' lang='lat' dir='ltr'>cum</span> <span class='ocrx_word' id='word_1_191' title='bbox 521 1358 557 1378; x_wconf 81' lang='lat' dir='ltr'>ex</span> <span class='ocrx_word' id='word_1_192' title='bbox 572 1348 726 1378; x_wconf 81' lang='lat' dir='ltr'>doloribus</span> <span class='ocrx_word' id='word_1_193' title='bbox 740 1355 918 1386; x_wconf 85' lang='lat' dir='ltr'>moreretur,</span> <span class='ocrx_word' id='word_1_194' title='bbox 938 1360 987 1379; x_wconf 89' lang='lat' dir='ltr'>ra-</span> 
     </span>
     <span class='ocr_line' id='line_1_31' title="bbox 100 1390 899 1431; baseline -0.001 -9"><span class='ocrx_word' id='word_1_195' title='bbox 100 1392 203 1422; x_wconf 52' lang='lat' dir='ltr'>dicul&amp;</span> <span class='ocrx_word' id='word_1_196' title='bbox 217 1391 397 1422; x_wconf 82' lang='lat' dir='ltr'>Alexandro</span> <span class='ocrx_word' id='word_1_197' title='bbox 412 1402 465 1431; x_wconf 84' lang='lat' dir='ltr'>per</span> <span class='ocrx_word' id='word_1_198' title='bbox 481 1401 623 1421; x_wconf 87' lang='lat' dir='ltr'>somnum</span> <span class='ocrx_word' id='word_1_199' title='bbox 636 1390 739 1421; x_wconf 57' lang='lat' dir='ltr'>oblat&amp;⁴</span> <span class='ocrx_word' id='word_1_200' title='bbox 754 1397 899 1421; x_wconf 85' lang='lat' dir='ltr'>servatur.</span> 
     </span>
    </p>

    <p class='ocr_par' dir='ltr' id='par_1_14' title="bbox 98 1433 988 1519">
     <span class='ocr_line' id='line_1_32' title="bbox 142 1433 988 1476; baseline 0.001 -11"><span class='ocrx_word' id='word_1_201' title='bbox 142 1435 340 1471; x_wconf 56' lang='lat' dir='ltr'>Ptolemaeus,</span> <span class='ocrx_word' id='word_1_202' title='bbox 356 1434 446 1465; x_wconf 83' lang='lat' dir='ltr'>offic.</span> <span class='ocrx_word' id='word_1_203' title='bbox 468 1433 515 1469; x_wconf 68' lang='grc' dir='ltr'>ΙΙ,</span> <span class='ocrx_word' id='word_1_204' title='bbox 538 1437 589 1464; x_wconf 77' lang='lat'>93.</span> <span class='ocrx_word' id='word_1_205' title='bbox 614 1433 855 1473; x_wconf 81' lang='lat' dir='ltr'>Alexandrinus,</span> <span class='ocrx_word' id='word_1_206' title='bbox 878 1434 988 1476; x_wconf 86' lang='lat' dir='ltr'>hospes</span> 
     </span>
     <span class='ocr_line' id='line_1_33' title="bbox 98 1476 742 1519; baseline -0.003 -11"><span class='ocrx_word' id='word_1_207' title='bbox 98 1478 191 1508; x_wconf 84' lang='lat' dir='ltr'>Arati</span> <span class='ocrx_word' id='word_1_208' title='bbox 206 1478 348 1519; x_wconf 84' lang='lat' dir='ltr'>Sicyonii.</span> <span class='ocrx_word' id='word_1_209' title='bbox 371 1477 429 1508; x_wconf 82' lang='lat' dir='ltr'>Est</span> <span class='ocrx_word' id='word_1_210' title='bbox 444 1487 496 1507; x_wconf 85' lang='lat' dir='ltr'>rex</span> <span class='ocrx_word' id='word_1_211' title='bbox 514 1476 742 1517; x_wconf 85' lang='lat' dir='ltr'>Philadelphus.</span> 
     </span>
    </p>

    <p class='ocr_par' dir='ltr' id='par_1_15' title="bbox 96 1518 986 1638">
     <span class='ocr_line' id='line_1_34' title="bbox 143 1518 986 1560; baseline 0 -10"><span class='ocrx_word' id='word_1_212' title='bbox 143 1521 337 1558; x_wconf 80' lang='lat' dir='ltr'>Ptolemaeus,</span> <span class='ocrx_word' id='word_1_213' title='bbox 353 1519 447 1551; x_wconf 91' lang='lat' dir='ltr'>Dom.</span> <span class='ocrx_word' id='word_1_214' title='bbox 457 1520 487 1555; x_wconf 88' lang='lat'>7.</span> <span class='ocrx_word' id='word_1_215' title='bbox 504 1530 557 1550; x_wconf 82' lang='lat' dir='ltr'>rex</span> <span class='ocrx_word' id='word_1_216' title='bbox 575 1518 682 1560; x_wconf 69' lang='lat' dir='ltr'>Cypri,</span> <span class='ocrx_word' id='word_1_217' title='bbox 695 1518 772 1559; x_wconf 87' lang='lat' dir='ltr'>regis</span> <span class='ocrx_word' id='word_1_218' title='bbox 781 1519 986 1550; x_wconf 81' lang='lat' dir='ltr'>Alexandrini</span> 
     </span>
     <span class='ocr_line' id='line_1_35' title="bbox 98 1562 986 1604; baseline -0.005 -10"><span class='ocrx_word' id='word_1_219' title='bbox 98 1563 190 1594; x_wconf 88' lang='lat' dir='ltr'>frater</span> <span class='ocrx_word' id='word_1_220' title='bbox 205 1564 315 1601; x_wconf 88' lang='lat' dir='ltr'>minor,</span> <span class='ocrx_word' id='word_1_221' title='bbox 331 1564 397 1603; x_wconf 85' lang='lat' dir='ltr'>lege</span> <span class='ocrx_word' id='word_1_222' title='bbox 412 1562 521 1593; x_wconf 62' lang='lat' dir='ltr'>Clodia</span> <span class='ocrx_word' id='word_1_223' title='bbox 547 1573 600 1604; x_wconf 88' lang='lat' dir='ltr'>per</span> <span class='ocrx_word' id='word_1_224' title='bbox 621 1563 768 1593; x_wconf 82' lang='lat' dir='ltr'>Catonem</span> <span class='ocrx_word' id='word_1_225' title='bbox 795 1572 888 1603; x_wconf 88' lang='lat' dir='ltr'>regno</span> <span class='ocrx_word' id='word_1_226' title='bbox 903 1563 986 1602; x_wconf 88' lang='lat' dir='ltr'>ejici.</span> 
     </span>
     <span class='ocr_line' id='line_1_36' title="bbox 96 1606 524 1638; baseline -0.002 -2"><span class='ocrx_word' id='word_1_227' title='bbox 96 1612 156 1636; x_wconf 87' lang='lat' dir='ltr'>tur.</span> <span class='ocrx_word' id='word_1_228' title='bbox 181 1607 281 1638; x_wconf 86' lang='lat' dir='ltr'>Flacc.</span> <span class='ocrx_word' id='word_1_229' title='bbox 298 1610 349 1637; x_wconf 81' lang='lat'>13.</span> <span class='ocrx_word' id='word_1_230' title='bbox 373 1606 457 1636; x_wconf 87' lang='lat' dir='ltr'>Sext.</span> <span class='ocrx_word' id='word_1_231' title='bbox 473 1607 524 1636; x_wconf 72' lang='lat'>25.</span> 
     </span>
    </p>

    <p class='ocr_par' dir='ltr' id='par_1_16' title="bbox 97 1646 984 1733">
     <span class='ocr_line' id='line_1_37' title="bbox 144 1646 984 1689; baseline -0.001 -9"><span class='ocrx_word' id='word_1_232' title='bbox 144 1651 339 1687; x_wconf 67' lang='lat' dir='ltr'>Ptolemffus,</span> <span class='ocrx_word' id='word_1_233' title='bbox 362 1649 489 1679; x_wconf 86' lang='lat' dir='ltr'>Tuscul.</span> <span class='ocrx_word' id='word_1_234' title='bbox 506 1649 550 1686; x_wconf 92' lang='lat' dir='ltr'>V,</span> <span class='ocrx_word' id='word_1_235' title='bbox 566 1649 618 1679; x_wconf 78' lang='lat'>34.</span> <span class='ocrx_word' id='word_1_236' title='bbox 641 1646 747 1678; x_wconf 84' lang='lat' dir='ltr'>laudat</span> <span class='ocrx_word' id='word_1_237' title='bbox 766 1647 914 1678; x_wconf 80' lang='lat' dir='ltr'>cibarium</span> <span class='ocrx_word' id='word_1_238' title='bbox 929 1658 984 1689; x_wconf 89' lang='lat' dir='ltr'>pa-</span> 
     </span>
     <span class='ocr_line' id='line_1_38' title="bbox 97 1692 617 1733; baseline -0.004 -10"><span class='ocrx_word' id='word_1_239' title='bbox 97 1702 178 1724; x_wconf 85' lang='lat' dir='ltr'>nem.</span> <span class='ocrx_word' id='word_1_240' title='bbox 196 1693 266 1723; x_wconf 87' lang='lat' dir='ltr'>Rex</span> <span class='ocrx_word' id='word_1_241' title='bbox 282 1692 424 1733; x_wconf 82' lang='lat' dir='ltr'>AEgypti,</span> <span class='ocrx_word' id='word_1_242' title='bbox 440 1692 538 1722; x_wconf 86' lang='lat' dir='ltr'>nescio</span> <span class='ocrx_word' id='word_1_243' title='bbox 554 1692 617 1733; x_wconf 90' lang='lat' dir='ltr'>qui.</span> 
     </span>
    </p>

    <p class='ocr_par' dir='ltr' id='par_1_17' title="bbox 143 1733 982 1776">
     <span class='ocr_line' id='line_1_39' title="bbox 143 1733 982 1776; baseline -0.004 -10"><span class='ocrx_word' id='word_1_244' title='bbox 143 1735 326 1768; x_wconf 63' lang='lat' dir='ltr'>Ptolemaeus</span> <span class='ocrx_word' id='word_1_245' title='bbox 340 1736 473 1774; x_wconf 75' lang='lat' dir='ltr'>Auletes,</span> <span class='ocrx_word' id='word_1_246' title='bbox 486 1735 568 1766; x_wconf 83' lang='lat' dir='ltr'>Rab.</span> <span class='ocrx_word' id='word_1_247' title='bbox 582 1735 665 1766; x_wconf 84' lang='lat' dir='ltr'>Post.</span> <span class='ocrx_word' id='word_1_248' title='bbox 682 1738 709 1764; x_wconf 83' lang='lat'>2.</span> <span class='ocrx_word' id='word_1_249' title='bbox 727 1744 820 1776; x_wconf 85' lang='lat' dir='ltr'>regno</span> <span class='ocrx_word' id='word_1_250' title='bbox 840 1733 982 1776; x_wconf 84' lang='lat' dir='ltr'>pellitur:</span> 
     </span>
    </p>
   </div>
  </div>
 </body>
</html>
