1137 1848
314 90 464 122 INDEX
489 90 777 122 HISTORICUS.
924 93 987 122 :209

147 175 277 214 Decim,
303 176 342 206 ad
364 176 439 207 Div.
456 177 500 215 V,
526 177 557 207 6.
581 176 723 207 librarius
741 176 779 206 P.
795 176 891 207 Sextii
915 187 999 217 quae-

106 220 205 251 storis.

152 264 207 293 Cn.
223 263 356 300 Decius,
373 262 506 298 Samnis.
525 261 596 292 Clu.
608 264 659 292 59.
679 262 863 302 proscriptus
874 272 891 291 a
902 262 999 292 Sulla.

150 306 186 335 P.
204 306 331 343 Decius,
355 305 418 342 Qu.
435 305 477 335 fil.
495 305 570 335 Div.
588 304 615 341 I⁷
634 308 685 334 24.
710 304 779 334 Fin.
803 304 849 341 II,
871 309 919 335 19.
935 305 998 345 pri-

104 358 176 378 mus
191 358 207 378 e
217 348 321 379 Deciis
337 348 442 378 consul
456 348 527 387 fuit,
543 354 572 378 et
588 347 705 389 primus
721 358 736 377 e
755 347 859 377 Deciis
872 358 901 377 se
911 347 1001 377 devo-

106 397 159 422 vn.

151 436 191 464 Ρ.
204 435 338 470 Decius.
352 433 388 463 P.
405 434 442 463 F.
457 433 544 470 item,
560 439 596 463 ut
612 439 707 474 pater,
721 443 751 463 se
768 432 897 463 devovit.
914 433 1002 463 Utri-

107 487 204 517 usque
225 477 392 507 devotionis
419 487 500 517 saepe
515 477 549 506 fit
565 477 679 506 mentio
703 476 786 516 apud
810 476 1000 513 Ciceronem,

107 520 151 550 N.
174 521 217 551 D.
237 519 302 557 ΙΙΙ,
319 524 349 550 2.
369 521 452 550 Sext.
471 523 522 550 21.
540 519 678 549 Postum.
699 522 725 548 l.
750 519 819 549 Sen.
837 525 905 559 post
923 519 1002 548 Red.

108 565 160 592 24.
183 564 318 594 Herenn.
338 562 399 599 IV,
417 564 467 592 44.
492 562 556 592 Off.
570 561 597 598 Ι,
618 565 666 591 18.
683 568 712 592 et
729 560 794 599 ΙΙΙ,
812 564 842 592 4.
866 562 1000 591 Duobus

109 611 214 636 autem
225 606 257 636 in
273 605 345 636 locis
361 606 452 635 etiam
469 605 598 645 Nepotis
614 605 703 635 Decii
718 615 773 645 pro
788 605 885 645 patri&
902 615 933 634 se
949 604 1001 633 de-

109 649 244 679 voventis
259 648 374 678 mentio
390 654 445 685 est,
461 648 493 677 in
509 648 602 677 Tusa.
617 648 680 685 Qu.
698 646 726 685 Ι,
744 650 794 678 37.
821 654 850 678 et
866 647 934 677 Fin.
953 646 1000 685 ΙΙ,

115 695 163 722 19.
186 694 208 709 “
230 691 354 727 Pater‚''
368 690 480 730 inquit,
499 694 521 708 “
535 690 689 721 decertans
704 701 775 721 cum
792 690 922 727 Latinis,
934 700 1004 720 cum

112 734 250 764 Etruscis
266 734 358 770 filius,
384 744 454 763 cum
478 733 597 774 Pyrrho
619 744 724 773 nepos,
741 744 772 763 se
786 733 921 763 hostium
937 733 1004 762 telis

111 777 321 816 objecerunt.”
346 776 455 806 Parad.
480 775 507 814 Ι,
532 777 563 806 3.
585 782 703 817 patrem
719 782 749 806 et
768 775 869 806 filium
884 781 1004 805 tantum

113 825 261 849 nominat.

158 864 197 892 P.
214 862 335 892 Decius
351 862 445 898 Mus,
464 862 556 891 Brut.
573 863 624 891 ⁶28.
640 859 701 891 vita
714 866 743 891 et
755 861 888 891 oratione
899 862 1008 891 turbu-

113 905 224 935 lentus.
249 905 297 934 Μ.
316 904 419 934 Fulvii
434 904 536 934 Flacci
551 905 690 934 aemulus.
716 903 770 934 Or.
787 903 900 941 11,30.
918 904 948 933 T
951 905 1007 934 rib.

115 948 158 987 pl.
183 947 237 988 qui
253 946 416 987 Opimium
437 947 475 977 de
495 947 574 977 caede
591 946 721 977 Gracchi
736 947 894 976 accusavit.
925 947 1008 976 Add.

117 990 174 1021 Or.
187 993 237 1027 ss,
249 993 300 1020 Sl.
325 989 380 1020 Or.
402 989 449 1029 ΙΙ,
463 991 513 1020 62.
531 1000 600 1020 reus
615 990 653 1020 de
668 989 803 1031 pecuniis
815 996 918 1019 contra
929 990 1011 1030 leges

118 1033 214 1073 captis
229 1032 336 1062 factus.

161 1076 197 1105 P.
213 1076 346 1113 Decius,
364 1075 448 1106 Phil.
469 1075 532 1115 XI,
549 1077 578 1107 6.
602 1075 811 1113 Ammianus,
834 1085 893 1105 aere
913 1074 1012 1105 alieno

115 1128 285 1159 oppressus.

161 1162 328 1191 Deiotarus
337 1167 440 1200 pater,
453 1161 556 1193 Deiot-
578 1165 604 1192 l.
628 1161 702 1193 Vid.
716 1166 932 1203 argumentum
943 1171 1011 1190 ora-

116 1203 217 1234 tionis.
241 1204 323 1234 Phil.
341 1203 404 1241 XI,
426 1209 473 1235 12.
495 1209 541 1236 13.
558 1205 711 1235 laudatur.
735 1206 805 1235 Att.
823 1204 865 1240 V.
886 1206 934 1235 17.
957 1213 1011 1233 rex

116 1257 136 1276 a
150 1253 255 1277 senatu
271 1248 441 1287 appellatus
465 1254 518 1278 est.
543 1248 623 1277 Har.
646 1258 723 1288 resp.
743 1252 791 1278 13.
818 1246 1011 1276 fidelissimus

118 1289 247 1329 imperio
263 1290 355 1319 Rom.
371 1300 436 1327 rex,
453 1296 586 1321 asenatu
603 1290 681 1330 regis
697 1291 820 1320 nomine
835 1289 946 1329 dignus
961 1289 1013 1327 ju-

117 1331 236 1362 dicatur
250 1343 258 1362 :
282 1333 349 1373 lege
364 1332 476 1371 Clodii,
492 1333 571 1373 regis
587 1343 698 1363 nomen
714 1333 831 1373 accipit.
867 1332 939 1362 Div.
960 1330 1008 1368 ΙΙ,

116 1376 169 1409 37.
185 1374 265 1415 fugit
289 1385 305 1405 e
328 1375 432 1415 proelio
456 1386 526 1406 cum
554 1376 710 1416 Pompeio.
742 1377 832 1406 Brut.
855 1376 887 1405 5.
915 1385 934 1404 a
960 1374 1008 1403 M.

118 1417 219 1447 Bruto
235 1417 407 1447 defenditur
429 1419 512 1459 apud
527 1418 689 1456 Caesarem,
717 1418 800 1459 quod
818 1428 836 1447 a
851 1416 1013 1457 Pompeia-

120 1460 167 1489 nis
182 1460 319 1500 partibus
335 1466 464 1491 steterat.
492 1461 564 1490 Div.
577 1460 604 1499 Ι,
623 1465 669 1491 15.
683 1472 701 1491 a
710 1461 829 1492 Caesare
843 1459 1012 1489 tetrarchiae

121 1512 215 1542 regno
229 1503 388 1533 multatus.
405 1503 468 1533 ibid
480 1503 524 1539 II,
541 1504 593 1533 35.
610 1509 638 1533 et
653 1504 705 1539 37.
720 1504 854 1533 multum
872 1501 1013 1542 auspiciis

122 1545 237 1575 tribuit.
269 1545 322 1575 Ex
351 1544 495 1576 Cicerone
520 1546 640 1586 augurii
663 1546 798 1577 Romani
821 1545 1012 1585 disciplinam

122 1593 324 1627 percontatur.
347 1588 427 1628 Ejus
438 1590 559 1630 augurii
574 1589 733 1630 disciplina
747 1588 847 1619 differt
861 1598 880 1618 a
895 1588 1012 1617 Roma-

122 1630 164 1660 na
178 1630 382 1661 vehementer.

124 1714 150 1747 C
164 1673 335 1704 Deiotarus
346 1675 456 1716 filius,
478 1675 580 1706 Deiot.
600 1679 628 1707 l.
650 1680 770 1716 patrem
797 1678 916 1705 accusat
930 1671 1013 1714 apud

152 1726 284 1746 aesarem.

166 1759 336 1800 Deianira,
353 1760 446 1793 Tusc.
463 1760 512 1801 ΙΙ,
527 1763 556 1792 8.
580 1760 673 1793 OEnei
688 1761 759 1793 filia.
777 1803 797 1833 3

736 1813 759 1835 Τ
