1122 1868
124 67 187 95 440
287 65 437 95 INDEX
462 63 862 96 GRAECO-LATINUS.

121 151 166 181 dit
174 150 290 182 Victor.
299 151 340 182 V.
353 151 391 181 L.
402 151 452 186 37.
463 151 495 181 3.
505 150 594 180 male.
608 150 704 188 Nam,
715 156 750 181 ut
759 160 827 182 vere
838 150 1011 183 Lambinus

117 201 232 230 monet,
252 196 400 229 σαλπιζειν
425 200 469 224 est
483 204 550 224 vera
566 194 740 232 prccfficure,
762 196 900 232 λαπιζειν,
921 193 1009 233 falsa,

118 237 201 278 quod
217 237 289 267 huic
303 237 368 267 loco
383 237 539 267 convenit:
564 245 624 266 non
640 247 702 277 quo
719 246 781 268 non
805 242 834 266 et
859 240 1009 272 σαλπιζειν

118 280 157 310 sit
181 280 313 310 hominis
332 280 498 320 arrogantis
523 285 552 309 et
571 279 736 318 jactatoris,
758 279 811 309 sed
832 279 914 320 quod
933 285 1010 308 σαλ-

118 325 246 358 πιζοντε;
258 329 378 353 tantum
391 334 436 360 ea,
450 333 518 363 quae
530 333 600 352 vera
611 328 692 355 Sunt.
702 323 828 361 jactant,
840 324 1010 357 λαπιζοντες

116 372 219 395 autem
239 373 350 396 contra.
375 366 424 396 Sic
447 366 538 395 etiam
559 365 663 395 Latini
679 366 890 395 Imccinalnrem
904 365 1009 405 appel-

114 408 190 444 lant,
208 409 261 449 qui
282 419 366 439 veras
390 408 494 438 laudes
516 407 744 438 immoderatius
757 409 860 447 jactat.
886 406 950 438 Cic.
968 407 1008 437 ad

113 451 217 481 Yiron.
233 454 254 469 “
268 451 350 492 quod
365 451 525 491 polliceris,
543 457 572 480 te
587 451 811 481 buccinatorem
826 451 890 481 fore
905 450 1007 480 existi-

115 495 383 531 mationis1neae,'’
415 496 471 524 dm.
492 493 587 529 XVI,
611 496 662 523 21.
686 494 837 523 Caeterum
854 493 936 523 subit
956 493 1007 524 hic

113 538 261 568 memoria
270 537 458 578 cogitationis
471 538 496 576 ej
502 548 548 574 us,
561 546 632 566 cum
643 542 782 577 putarem
789 536 878 574 fflud,
889 536 1006 566 Matth.

114 578 175 616 VI,
193 583 224 618 4,
249 583 316 610 ὅταν
342 592 428 613 πῡιεις
444 585 646 616 emmau-mnu,
667 591 694 608 w
714 591 754 617 μη
779 585 932 618 σαλπισῃς
954 591 1006 617 εμ-

112 633 164 660 προ
170 625 235 652 σξτεν
254 635 313 659 σου,
324 632 386 652 non
402 632 475 658 esse,
487 628 523 652 ut
537 621 674 662 plerique
685 622 811 658 faciunt,
822 621 942 662 proprie
956 631 1006 652 ac-

110 664 297 706 cipiendum,
314 675 385 695 cum
400 665 487 695 nulla
509 664 617 695 idonea
641 665 818 695 auctoritate
833 664 1005 695 confirmari

111 708 297 738 consuetudo
313 715 376 738 tam
392 708 525 738 absurda
543 707 647 748 possit,
672 707 724 738 sed
739 708 777 738 de
791 707 1005 747 praedicatione

112 750 301 782 liberalitatis
329 751 576 781 immoderatiori.
612 751 746 781 Videant
774 750 900 780 Juda'ici
928 750 1004 781 ritus

112 794 276 834 peritiores.

157 840 336 878 Ελαχιστον,
352 839 513 875 minimum,
538 837 608 867 Fat.
632 840 678 867 ¹0.

153 879 290 917 Ἑλικτα,
309 892 355 908 και
378 880 461 914 ουὸεν,
485 880 643 921 Euripidis
655 879 870 910 Andromacha
885 879 927 909 sic
946 879 1003 910 ha-

111 923 163 952 bet
192 922 345 963 integrum
369 924 493 953 locum:
520 925 636 961 ἑλικτα,
664 924 688 952 κ’
716 921 788 951 ουὸεν
811 924 895 959 ὑγιες,
919 927 1003 951 αλλαι

110 977 207 994 παντα
232 967 316 1005 περιξ
345 973 518 1004 mamm-rx,
542 977 664 1006 quorum
686 975 766 995 mens
786 970 826 995 est
849 965 1004 995 involucris

109 1009 309 1045 circumtecta,
335 1010 439 1048 quique
464 1010 580 1038 minime
602 1011 713 1039 sincero
737 1013 764 1037 et
787 1009 912 1038 candi->Io
935 1009 1002 1038 estis

109 1052 218 1088 animo,
235 1053 286 1081 sed
303 1059 414 1082 versute
429 1054 522 1081 omnia
537 1053 678 1092 cogitatis,
695 1051 733 1082 ad
750 1051 816 1081 Att.
832 1050 878 1087 II,
897 1053 948 1081 25.

153 1094 308 1132 Εμβολιον,
329 1105 397 1133 pars
419 1096 554 1135 qztsednm
569 1097 672 1134 operis,
692 1096 727 1123 ab
748 1100 919 1134 urgumeulo
933 1105 1001 1133 pro-

107 1137 196 1175 posito
209 1138 353 1175 seiuncta,
380 1140 410 1177 ρη
420 1150 475 1174 σις,
491 1148 584 1178 quam
601 1137 732 1168 secundo
746 1137 825 1167 libro
839 1137 877 1167 de
891 1147 1000 1168 oonsu-

108 1180 173 1210 latu
189 1190 243 1210 suo
257 1180 385 1211 inserere
401 1181 562 1221 cogitabat,
575 1181 613 1211 ad
629 1181 670 1219 Q.
687 1181 738 1210 Fr.
758 1179 823 1215 ΙΙΙ,
845 1184 870 1210 l.

152 1224 294 1260 Εμετικη,
317 1223 357 1253 ad
382 1223 451 1253 Att.
476 1223 576 1261 XIII,
593 1225 644 1253 52.
667 1224 748 1253 male
765 1223 901 1254 redditur
920 1223 952 1253 h.
975 1223 998 1254 l.

107 1268 223 1295 curatio
240 1275 292 1302 per
311 1268 471 1302 vomitnm;
497 1267 534 1297 de
558 1267 621 1307 qua
643 1266 854 1307 Pantagathus
873 1266 1000 1307 accipie·-

106 1310 170 1341 bat‚
196 1308 251 1349 qui
277 1314 306 1338 et
328 1309 493 1349 legendum
517 1310 694 1349 conjiciebat
715 1316 826 1347 egerat,
852 1310 1000 1350 probante

107 1351 230 1381 Graevio
245 1357 275 1381 et
296 1352 440 1382 Corrado.
466 1353 539 1383 Non
555 1353 637 1383 venit
661 1353 755 1382 doctis
769 1352 945 1382 hominibus
965 1352 999 1383 in

105 1394 286 1424 memoriam
306 1396 390 1425 locus
412 1406 451 1426 ex
473 1396 528 1426 Or.
551 1405 606 1436 pro
622 1395 724 1426 Deiot.
745 1405 770 1425 c.
787 1396 817 1430 7.
833 1395 871 1425 de
892 1395 999 1426 eodem

107 1436 238 1475 Caesare,
264 1438 302 1468 de
325 1449 387 1478 quo
408 1439 460 1468 hic
475 1449 584 1474 sermo,
601 1438 683 1479 apud
698 1438 880 1468 Deiotarum
901 1437 999 1468 diver-

106 1485 210 1510 sante:
237 1482 259 1498 “
277 1480 360 1511 Cum
376 1492 496 1512 vomere
510 1487 578 1523 post
592 1492 709 1512 coenam
724 1488 753 1511 te
768 1480 844 1511 velle
858 1480 997 1518 dixisses,

105 1522 138 1552 in
153 1522 298 1553 balneum
320 1530 349 1554 te
364 1524 472 1555 ducere
494 1525 679 1565 coeperunt.''
702 1525 755 1554 Ex
770 1534 832 1565 quo
853 1523 999 1564 intelligi-

105 1571 167 1603 tur,
192 1572 259 1605 post
274 1576 389 1597 coenam
413 1567 452 1597 ad
467 1568 617 1598 vomitum
640 1568 698 1598 isse
712 1566 860 1604 homines,
882 1572 918 1596 ut
932 1567 999 1597 cibo

105 1608 210 1638 alvum
227 1616 434 1648 exonerarent,
450 1620 489 1641 ne
503 1611 586 1652 large
596 1616 713 1641 sumtus
727 1615 854 1640 noceret.
879 1609 997 1647 Celsus,

107 1650 136 1689 I,
164 1652 196 1690 3,
221 1653 244 1669 ‘⁶
261 1652 423 1691 Rejectum
444 1664 506 1684 esse
526 1655 564 1684 ab
585 1652 764 1693 Asclepiade
787 1652 938 1683 vomitum
953 1652 998 1683 vi-

106 1694 186 1725 deo:
210 1704 265 1725 nec
279 1696 476 1736 reprehendo,
498 1697 523 1727 si
543 1701 648 1728 e'orum
669 1696 800 1726 offensus
814 1701 859 1726 est
873 1705 999 1726 consue-

106 1737 226 1776 tudine,
252 1738 319 1779 qui,
342 1738 477 1780 quotidie
500 1739 658 1779 ejiciendo,
675 1738 801 1770 vorandi
822 1737 998 1770 facultatem
