1122 1868
174 69 237 98 362
389 66 539 97 INDEX
561 65 848 98 HISTORICUS.

219 155 334 189 Selene,
357 153 445 184 Verr.
463 152 505 190 V,
522 154 574 186 27.
592 162 670 184 uxor
693 153 772 194 regis
787 151 944 190 Antiochi,
960 151 1060 193 primo

177 196 287 237 Grypi,
312 196 420 226 deinde
447 196 507 233 Pii,
531 206 568 226 ex
593 196 740 236 AEgypto,
762 207 830 236 quae
854 201 884 226 et
901 195 1062 236 Cleopatra

177 240 257 270 dicta
272 245 324 269 est.
348 239 425 278 Ejus
441 239 495 268 filii
515 238 575 269 duo
593 239 688 275 fuere,
709 239 881 269 Antiochus
892 237 1058 275 Asiaticus,

178 289 206 313 et
222 282 363 312 Seleucus
379 282 580 322 Cybiosactes,
603 281 640 311 de
670 281 781 322 quibus
802 292 856 312 suo
874 281 940 311 loco
956 281 1061 310 viden-

177 326 262 355 dum.
292 324 408 354 Eorum
426 324 539 355 mentio
557 324 587 353 in
611 324 742 355 Verrina
759 324 800 361 V,
823 326 874 360 27.
904 323 988 353 Add.
1003 323 1060 353 Jo-

178 367 261 408 seph.
279 367 354 397 Ant.
371 367 470 401 XIII,
487 369 537 397 29.

221 412 375 445 Seleucus,
392 410 430 440 ad
447 410 518 440 Div.
537 409 598 446 VI,
618 411 666 439 18.
682 420 784 440 servus
800 410 840 447 Q.
858 409 974 450 Leptae.

223 455 346 489 Selicia,
359 453 422 483 Att.
435 453 515 489 XV,
533 454 578 482 12.
596 453 670 483 forte
682 453 744 482 filia
753 454 828 492 ejus,
846 452 898 492 qui
914 452 1061 492 sequitur.

226 498 260 530 Q.
279 497 418 533 Selicz'us,
431 496 468 526 ad
486 496 557 525 Div.
570 495 630 531 IX,
650 496 698 525 16.
709 506 727 525 a
742 506 802 536 quo
818 495 964 525 Seliciana
981 495 1060 524 villa.

179 539 217 569 ad
232 540 300 569 Att.
316 538 343 575 I,
363 543 408 569 12.
424 539 591 569 foenerator.
609 538 647 568 ad
664 538 736 568 Div.
756 538 784 575 Ι,
806 541 833 568 5.
850 538 964 568 amicus
981 538 1063 568 Len-

178 582 235 612 tuli
259 582 438 620 Spintheris,
465 591 598 622 quocum
624 579 729 611 Cicero
758 580 882 611 consilia
910 580 947 610 de
972 580 1063 610 causa

178 625 302 655 Lentuli
318 625 454 655 contulit.

223 669 330 703 Selius,
344 667 381 697 ad
394 667 467 697 Div.
480 665 561 702 VII,
579 669 630 696 32.
643 666 743 696 malus
758 672 865 696 orator.

225 712 260 740 C.
272 717 300 740 et
315 712 354 740 P.
372 711 456 745 Selii,
472 709 570 740 Acad.
585 708 645 747 IV,
657 711 686 739 4.
699 709 861 739 familiares
873 708 910 738 L.
922 707 1056 745 Luculli,

178 753 257 783 docti
272 753 420 789 homines,
438 753 490 792 qui
507 752 667 782 Philonem
685 752 794 782 Romae
809 752 975 781 audierant.

223 798 346 833 Semele,
372 796 465 826 Tusc.
495 794 522 832 Ι,
552 796 599 825 12.
640 795 714 824 Nat.
746 794 787 824 D.
814 795 861 833 II,
888 797 940 824 24.
965 799 1061 824 mater

178 839 300 870 Bacchi.

222 883 414 917 Semiramis,
427 882 516 911 Prov.
535 881 627 912 Cons.
645 882 675 915 4.
696 880 738 910 ita
753 880 794 910 A.
809 879 988 917 Gabinium,
1005 880 1063 920 Sy-

178 926 230 955 riae
246 935 358 964 procos.
376 925 519 965 appellat,
537 930 571 954 ut
587 923 745 954 mollitiem
759 925 823 962 ejus
839 929 930 953 notet.

227 970 279 998 Ti.
298 974 326 998 et
350 969 382 998 C.
400 969 583 1006 Sempronii,
610 967 666 997 Or.
690 965 716 1001 Ι,
733 967 765 1003 9,
788 968 844 996 &c.
869 972 940 996 sunt
957 966 1062 996 fratres

181 1010 321 1046 Gracchi,
338 1010 375 1040 de
391 1011 501 1051 quibus
517 1021 544 1040 v.
562 1010 592 1039 in
614 1011 771 1040 Gracchis.

222 1056 260 1083 A.
287 1055 485 1092 Sempronius
503 1054 624 1089 Iisusca,
651 1059 810 1092 quaesturae
833 1051 1020 1089 candidatus,
1045 1062 1062 1081 a

179 1096 317 1137 Vargula
333 1097 412 1126 male
427 1096 579 1136 accipitur.
600 1096 653 1126 Or.
679 1095 725 1131 II,
751 1096 801 1125 60.

224 1141 257 1171 C.
273 1140 471 1178 Sempronius
489 1140 607 1179 Rzfics,
632 1138 670 1168 ad
687 1138 759 1168 Div.
777 1137 876 1174 VIII,
897 1139 926 1167 8.
945 1138 1061 1168 calum-

176 1183 259 1212 niam
280 1182 356 1212 fert:
382 1182 496 1212 amicus
521 1181 696 1215 Ciceronis;
728 1181 814 1220 cujus
838 1191 916 1220 saepe
937 1181 1060 1210 mentio.

177 1236 206 1256 v.
222 1236 247 1256 c.
272 1225 338 1255 Att.
359 1224 421 1263 VI,
439 1229 468 1255 2.
490 1225 528 1255 ad
545 1224 617 1256 Div.
633 1223 715 1262 XII,
732 1226 783 1254 22.
797 1226 849 1254 25.
873 1223 953 1254 Vide
970 1224 1060 1254 etiam

177 1270 279 1308 Rufio.

223 1311 258 1341 L.
276 1312 473 1350 Sempronius
490 1311 668 1345 Atratinus,
685 1310 723 1340 ad
738 1309 812 1340 Div.
830 1309 891 1347 IX,
912 1311 963 1339 21.
988 1318 1058 1339 con-

178 1353 227 1384 sul
243 1360 272 1385 et
287 1364 390 1385 censor
405 1353 464 1384 fuit
478 1364 548 1384 cum
564 1354 602 1384 L.
617 1353 740 1394 Papirio
756 1352 944 1393 Mugillano,
960 1352 1002 1382 A.
1018 1352 1060 1382 U.

220 1441 268 1470 M.
284 1440 492 1479 Sempronius,
509 1439 565 1470 Or.
581 1438 627 1477 II,
644 1439 694 1469 60.
712 1440 753 1468 A.
769 1438 868 1468 frater.

223 1484 256 1514 C.
272 1485 394 1513 Sentius
413 1484 614 1519 Saturninus,
634 1481 722 1512 Verr.
743 1480 803 1517 IV,
825 1482 876 1511 93.
890 1480 994 1511 Pison.
1007 1480 1059 1511 34.

172 1531 288 1566 Apraetor
303 1525 493 1556 Macedoniae
508 1525 548 1555 A.
564 1526 636 1560 671.
652 1536 670 1555 a
684 1523 847 1554 Denseleto
865 1523 1036 1553 defenditur
1049 1534 1057 1553 ι

176 1578 375 1608 permagnam
399 1579 415 1598 e
437 1568 554 1599 cibariis
573 1567 744 1608 pecuniam,
765 1572 886 1607 propter
904 1566 1058 1596 caritatem

175 1611 332 1646 frumenti,
348 1611 504 1651 deportat:
528 1611 620 1641 homo
635 1609 805 1640 innocentia
817 1608 971 1649 singulari.

218 1655 372 1692 Seprulla,
385 1654 448 1683 Att.
468 1653 494 1691 I,
512 1655 559 1683 12.
581 1654 613 1684 Si
629 1663 700 1683 sana
708 1652 806 1689 lectio,
817 1661 927 1681 nomen
943 1657 986 1682 est
998 1661 1058 1681 ser-

173 1696 264 1733 vulae,
281 1707 349 1737 quae
373 1697 408 1726 P.
428 1695 572 1728 Clodium
596 1696 695 1726 emisit
718 1705 755 1726 ex
776 1694 890 1725 aedibus
915 1692 1053 1725 Caesaris.

173 1738 233 1770 Sed
249 1739 350 1770 Graev.
366 1739 496 1770 ostendit
506 1750 568 1770 esse
583 1738 757 1780 legendum,
773 1738 910 1769 servulae.
