1137 1848
320 38 467 70 INDEX
492 38 774 72 HISTORICUS.
915 39 975 71 371

98 123 150 154 63.
176 129 341 165 propraetor
366 124 521 165 Bithyniae
538 131 567 155 et
582 125 677 156 Ponti
691 126 733 156 A.
750 126 792 157 U.
813 126 832 161 7
834 127 888 163 02,
911 130 980 166 post

99 173 274 207 praeturam,
292 168 331 197 A.
349 168 420 199 694.

142 211 290 247 sylvanus,
310 211 404 241 Arch.
420 213 450 241 4.
471 216 573 241 auctor
588 212 662 251 legis
678 212 820 242 Plautiae.
846 211 885 241 V.
909 212 981 242 Iud.

100 251 222 292 Legum.

143 297 262 333 Silvius,
278 297 346 326 Att.
363 295 422 333 VI,
444 300 471 327 l.
497 296 597 327 Graev.
621 298 724 327 Silius.
746 297 980 328 Administratio

100 338 165 377 ejus
180 339 340 378 provinciae
355 340 505 370 laudatur.
528 339 586 369 Est
602 340 637 369 P.
654 340 757 376 Silius,
774 341 810 370 de
825 351 886 381 quo
901 347 979 370 ante.

143 383 236 419 Silus,
253 382 307 412 Or.
326 381 371 419 ΙΙ,
389 383 439 417 70.
462 383 520 412 Est
535 382 659 413 fortasse
674 383 722 412 M.
740 384 862 423 Sergius
885 383 982 413 Orata

99 424 191 461 Silus,
219 425 283 465 qui,
305 425 347 455 A.
365 426 438 463 648,
455 432 585 466 quaestor
610 425 799 466 provincialis
823 426 891 456 fuit.
925 426 982 456 Est

99 467 180 496 enim
201 477 368 508 cognomen
392 469 575 509 Sergiorum.
610 470 679 498 Hoc
704 469 768 499 loco
788 470 983 499 confirmatur

99 509 262 550 disputatio
280 511 434 542 Drakenb.
458 511 495 541 ad
512 511 580 541 Liv.
595 510 743 548 XXXII,
760 513 813 548 27,
838 511 981 548 docentis,

99 562 264 591 cognomen
277 554 453 584 Romanum
467 564 538 591 esse,
555 564 614 584 non
630 554 721 585 modo
736 554 810 591 Silo,
826 554 877 584 sed
893 555 984 584 etiam

100 595 191 625 Silus.
214 597 278 637 Ap.
300 597 455 634 Tacitum,
471 598 513 627 A.
530 597 606 635 XV,
623 599 674 628 59.
691 603 734 628 est
757 597 914 627 Domitius
936 597 983 627 Si-

100 637 148 668 lus
164 638 195 668 in
211 639 283 669 Ms.
300 640 381 669 Flor.

144 682 318 719 Simonides,
337 682 428 719 Ceus,
445 682 500 713 Or.
518 683 566 719 ΙΙ,
583 683 631 713 16.
648 683 716 713 Fin.
735 682 781 719 ΙΙ,
798 683 849 712 3;..
821 684 839 703 )
868 693 984 713 memo-

100 724 152 753 riae
170 730 265 754 artem
291 725 415 756 invenit.
439 726 512 756 Nat.
530 725 571 755 D.
588 725 616 761 Ι,
643 728 694 756 22.
719 726 756 756 de
779 725 848 756 Diis
875 738 959 766 επεχε
965 739 983 755 ι.

100 766 204 797 Divin
222 768 250 805 Ι,
267 769 318 802 27.
338 768 477 808 ignotum
493 769 656 809 quemdam
679 776 834 799 mortuum
856 769 982 808 sepelit3

100 815 130 839 et
145 811 182 840 ab
193 820 227 840 eo
238 818 379 841 monetur
391 811 422 840 in
439 812 566 848 somnio,
582 822 620 841 ne
632 812 761 852 naviget.
779 811 873 841 Tusc.
888 811 915 848 Ι,
932 812 982 841 4-.
953 813 972 830 '³

101 853 166 891 ejus
182 864 284 883 versus
296 854 365 883 duo.
389 854 419 883 Ἰ
423 864 482 884 use.
496 854 522 890 Ι,
540 856 590 884 24.
608 856 672 893 ejus
686 854 833 884 memoria
847 854 982 894 insignis.

145 898 305 934 Simulum,
319 899 400 927 Sext.
419 898 468 926 64.
488 907 598 927 nomen
613 897 765 927 comoediae
782 896 912 926 Afranii.

146 941 290 975 Siregius,
304 940 372 969 Att.
390 939 466 976 XV,
483 941 531 975 17.
544 941 577 970 J.
595 941 646 969 Fr.
665 940 836 970 Gronovius
848 940 985 979 conjicie-

102 984 166 1020 bat,
183 984 252 1012 Sira
267 984 386 1022 regius:
412 982 486 1013 Sirae
507 983 586 1013 enim
603 983 716 1013 mentio
734 993 780 1023 ep.
804 986 852 1013 15.
877 982 907 1012 Is
928 983 985 1013 [Ε-

100 1025 223 1066 gyptius
237 1025 307 1063 fuit,
324 1025 406 1065 quod
422 1036 467 1055 res
482 1026 548 1066 ipsa
566 1026 661 1062 docet,
681 1025 849 1066 Cleopatrae
863 1025 987 1056 fortasse

102 1070 220 1109 legatus
235 1074 289 1097 aut
303 1068 438 1098 djoecetes
451 1080 460 1098 z
485 1078 557 1098 nam
577 1069 695 1099 xddetur
711 1069 847 1099 Ciceroni
862 1069 986 1109 pecuni-

101 1121 152 1142 am
168 1111 281 1141 solvere
295 1111 442 1141 debuisse.
466 1111 618 1142 Caeterum
628 1112 660 1141 in
676 1112 743 1142 edd.
759 1121 819 1142 non
836 1113 918 1149 Stra,
934 1111 986 1142 sed

101 1156 189 1191 Sura,
205 1154 325 1194 legitur.

145 1199 275 1234 Sirenes,
292 1197 361 1227 Fin.
378 1197 422 1233 V,
442 1198 490 1227 18.
506 1196 611 1228 fabula
625 1197 662 1227 de
674 1197 816 1228 Sirenum
835 1197 984 1235 cantibus,

101 1239 253 1282 quomodo
270 1239 474 1280 intelligenda.

146 1283 185 1313 L.
196 1284 331 1321 Sisenna,
345 1293 361 1313 e
373 1283 528 1313 Corneliis.
545 1283 634 1313 Brut.
647 1283 698 1312 64.
711 1283 827 1321 doctus,
837 1284 914 1314 bene
926 1283 988 1313 La-

102 1326 165 1356 tine
176 1325 314 1366 loquens‚
330 1336 443 1366 gnarus
457 1326 530 1366 reip.
543 1326 667 1362 facetus,
681 1326 759 1356 inter
774 1332 892 1356 aetatem
905 1326 988 1356 Hor-

103 1368 192 1399 tensii
207 1374 236 1398 et
248 1368 376 1408 Sulpicii
391 1368 573 1408 interjectus.
598 1368 634 1398 In
650 1369 776 1398 historifi
791 1369 883 1399 vincit
898 1379 988 1409 supe-

102 1412 204 1447 riores,
219 1410 270 1441 sed
285 1412 368 1441 abest
388 1416 490 1441 tamen
513 1422 531 1441 a
545 1421 676 1442 summo.
700 1411 780 1442 Add.
801 1411 881 1442 Ve1l.
899 1411 946 1448 ΙΙ,
959 1413 988 1442 9.

104 1454 180 1495 Leg.
194 1453 222 1491 Ι,
240 1457 270 1483 2.
280 1454 395 1495 puerile
407 1454 482 1494 quid
493 1454 524 1484 'm
539 1454 664 1485 historie.
679 1460 873 1485 consectatur.
897 1455 988 1485 Brut.

103 1497 156 1532 74.
175 1497 319 1527 sermonis
345 1497 447 1527 usitati
471 1497 645 1527 emendator
660 1507 723 1528 esse
748 1497 862 1533 voluit3
886 1497 988 1538 itaque

104 1539 254 1570 inusitatis
279 1540 377 1570 verbis
403 1550 475 1570 usus
512 1546 565 1570 est.
613 1541 644 1570 A
673 1540 709 1571 C.
738 1540 831 1571 Rufio
860 1540 983 1570 ridetur.

103 1581 210 1612 Divin.
227 1583 255 1620 Ι,
279 1583 329 1612 43.
347 1583 491 1623 disputat,
509 1583 631 1614 somniis
655 1583 734 1614 credi
758 1593 817 1613 non
843 1592 987 1623 oportere.

104 1625 195 1655 Corn.
213 1624 240 1663 Ι,
256 1625 287 1655 in
304 1626 446 1665 praetmiz,
465 1627 615 1656 bonorum
637 1625 696 1657 Cn.
720 1625 853 1658 Cornelii
873 1636 988 1667 posses-

103 1667 218 1698 sionem
233 1668 329 1698 edicto
351 1668 387 1698 P.
403 1668 536 1709 Scipioni
561 1668 621 1699 dat.
655 1669 706 1700 De
729 1670 785 1699 hac
811 1669 943 1710 praeturfi
960 1675 988 1698 et

104 1710 200 1741 edicto
223 1716 266 1741 est
280 1710 444 1752 disputatio
460 1711 544 1741 Guil.
560 1712 625 1743 Ott.
642 1713 751 1750 Reizii,
770 1712 899 1742 Exeurs.
923 1710 984 1746 IX,
