1122 1868
132 30 175 61 46
407 33 556 65 INDEX
579 33 754 65 LEGUM.

128 117 258 147 consules
277 125 391 149 essent.-
414 120 446 156 2,
468 126 503 150 ut
524 120 611 151 iidem
637 120 749 149 tribuni
771 119 814 158 pl.
839 120 1019 149 sacrosancti

129 165 219 188 essent
230 173 240 190 .-
264 162 296 198 3,
313 167 345 191 ul
359 163 410 192 soli
422 163 526 200 plebeii
541 164 651 193 tribuni
660 163 781 202 fierent.
811 162 965 202 Sigonius,
980 161 1019 192 de

131 201 165 231 J.
186 202 221 233 C.
236 204 276 234 R.
294 203 322 241 I,
337 206 367 242 6,
384 205 460 235 duas
475 206 548 235 alias
563 206 646 236 addit
660 217 668 234 :
696 208 724 236 1.
743 216 779 235 ne
794 205 830 235 (le
843 207 936 243 capite
950 206 1019 235 civis

129 246 190 274 nisi
216 249 388 277 centuriatis
413 250 535 278 comituis
558 255 713 289 ageretur:
743 250 772 278 2.
797 258 834 278 ne
856 248 1020 288 privilegia,

130 287 162 317 h.
187 299 212 318 e.
242 290 410 329 rogationes
433 291 465 320 in
486 291 624 321 homines
646 291 886 331 singtssos‚fhrri
911 292 1019 321 licere!-

130 330 175 360 Et
190 331 332 362 dicuntur
346 343 416 363 sane
434 340 557 365 sacratae
578 335 658 374 leges
677 334 760 374 apud
776 333 841 365 Cic.
855 343 909 374 pro
924 333 1018 363 Dom.

132 379 162 403 et
187 385 242 415 pro
262 376 348 407 Sext.
380 376 440 406 Sed
460 377 558 417 capita
583 377 665 407 illius
682 377 757 417 legis
779 381 900 407 sacratae
914 376 1019 414 fuisse,

131 426 200 456 quae
215 417 247 447 in
261 419 352 449 Sacro
367 420 477 449 Monte
491 420 553 450 lata
568 426 622 457 est,
639 429 700 449 non
716 419 864 450 videntur.
892 419 1021 459 Decepit

130 459 232 490 virum
254 461 472 499 doctissimum,
489 463 662 503 multosque
684 462 768 501 alios,
785 462 868 503 quod
890 468 1020 492 sacratas

130 502 212 543 leges
234 514 253 533 a
270 505 361 535 Sacro
377 505 487 536 Monte
507 506 576 544 diei,
600 511 629 536 et
650 505 750 536 nullas
770 511 914 545 praeterea
935 504 1020 541 alias,

130 546 288 585 putssrrunt.
314 548 398 577 Mihi
419 548 602 589 antiquiores
619 548 668 579 hae
687 548 756 578 duae
770 549 852 588 leges
868 547 1019 584 videntur,

129 594 159 618 et
180 588 257 620 forte
271 596 324 620 aut
338 591 436 631 capita
458 592 526 630 legis
545 592 665 621 Valem'ce
681 591 718 621 de
732 591 952 631 provocatione,
969 595 1022 620 aut

132 636 236 662 tamen
259 634 297 663 ab
320 634 425 664 eodem
447 634 603 674 sigillatim
621 635 700 671 latae,
718 644 752 664 ac
767 633 875 664 deinde
897 633 928 662 in
949 633 1020 664 XII

133 674 235 705 Tabb.
260 676 384 706 tralatae.
421 677 505 707 Nam
529 678 580 708 lex
601 677 638 707 de
660 677 869 717 provocatione
890 676 956 717 ipsa
977 682 1021 706 est

133 724 258 756 sacrata,
282 725 317 748 ut
339 730 355 749 e
378 719 449 750 Liv.
463 720 512 754 ΙΙ,
536 722 566 756 8,
591 719 791 760 intelligitur3
822 725 851 749 et
873 719 959 754 illud,
983 719 1022 749 de

132 760 229 800 capite
244 761 326 800 civis,
338 762 446 793 diserte
461 763 500 793 ad
510 764 608 804 legem
624 763 661 793 de
670 762 879 804 provocatione
894 761 1021 792 refertur

134 813 153 832 a
170 803 330 845 Dionysio,
353 806 406 836 lib.
422 806 466 843 V,
479 816 509 846 p.
525 817 568 837 m.
584 807 659 836 334.
682 805 780 846 Leges
796 811 897 835 autem
913 804 962 834 hae
976 814 1023 834 sa-

132 852 222 876 cratae
237 847 379 878 dicuntur
393 855 561 890 propterea,
579 850 655 889 quad
667 853 752 887 caput
767 850 840 888 (jus,
858 849 907 887 qui
922 854 1022 878 contra

122 888 215 929 jecit,
237 899 433 921 consecratur.
468 892 545 922 Haec
567 892 648 922 enim
671 898 716 922 est
738 901 799 921 una
820 902 836 922 e
858 892 953 921 tribus
974 891 1022 920 vel

133 931 253 963 duabus
273 935 488 965 sacrandarum
508 935 696 966 sanctionum
716 934 830 968 formis,
850 944 919 974 quae
939 933 1021 973 apud

134 974 322 1012 Ciceronem,
345 988 401 1018 pro
422 978 513 1008 Balb.
539 988 564 1008 c.
588 979 638 1015 14,
660 984 689 1008 et
706 977 736 1007 in
758 977 877 1008 Comel.
897 976 1021 1016 Fragm.

134 1027 411 1050 commemorantur
427 1032 435 1050 :
473 1021 512 1051 de
540 1021 653 1061 quibus
683 1020 750 1050 vide
784 1019 959 1060 interpretes
992 1024 1022 1049 et

135 1061 298 1092 Schwarzii
313 1063 439 1094 Dissert.
454 1063 492 1093 de
507 1063 713 1094 Detestatione
728 1064 808 1093 Sacr.
832 1063 928 1099 Nam,
944 1061 1024 1092 hanc

133 1103 231 1144 ipsam
247 1107 285 1135 ob
301 1116 435 1142 causam,
452 1106 542 1136 etiam
565 1107 656 1137 tribb.
674 1106 716 1146 pl.
740 1104 919 1135 sacrosancti
938 1109 1021 1142 sunt,

133 1147 216 1187 quod
237 1148 301 1186 ejus
319 1155 410 1189 caput
431 1160 548 1180 sacrum
571 1155 626 1186 est,
649 1149 703 1190 qui
726 1159 775 1179 eos
789 1148 923 1184 violavit,
945 1153 982 1177 ut
1003 1157 1020 1177 e

132 1189 301 1221 Rabirianfi,
321 1191 450 1231 intelligi
471 1197 577 1232 potest.
613 1192 660 1222 Cf.
687 1191 854 1228 Budaeum,
877 1190 916 1220 ad
939 1190 1022 1220 Pan-

134 1233 211 1263 dect.
224 1244 254 1273 p.
265 1244 308 1263 m.
324 1235 397 1264 334.
422 1234 531 1275 Itaque
546 1235 636 1266 etiam
651 1235 705 1264 illa
716 1234 828 1263 Valeria
842 1233 962 1263 Horatia
973 1243 1022 1274 ap.

135 1275 204 1306 Liv.
225 1277 292 1315 ΙΙΙ,
309 1279 362 1315 55,
379 1284 493 1308 sacrata
508 1278 558 1308 lex
573 1284 626 1308 est.
650 1278 735 1308 Nam
750 1276 824 1307 alias
839 1282 966 1306 sacr-aeas
981 1277 1022 1305 le-

130 1328 191 1357 ges,
200 1326 309 1359 praeter
320 1330 369 1350 eas
381 1320 527 1361 quinque,
540 1332 615 1361 quas
627 1320 769 1360 Sigonius
779 1319 900 1357 facit,in
911 1319 1020 1349 Monte

133 1363 225 1392 Sacro
245 1363 386 1402 perlatas,
405 1363 507 1401 fuisse,
529 1373 619 1393 nemo
641 1373 751 1403 negare
767 1368 876 1403 potest,
898 1361 951 1402 qui
966 1361 1022 1391 Li-

133 1404 219 1434 vium
235 1411 347 1435 attente
362 1406 444 1446 legit.
467 1406 537 1436 Lib.
552 1407 618 1444 ΙΙΙ,
635 1417 660 1437 c.
674 1408 727 1443 32,
743 1405 911 1436 concedunt
925 1404 1022 1445 patri-

134 1448 192 1478 bus
217 1448 327 1488 plebeii
356 1448 394 1479 de
419 1449 604 1487 decemviris,
631 1449 723 1479 modo
752 1459 787 1477 ne
813 1450 857 1478 tex
879 1447 966 1478 Icilia
986 1448 1023 1476 de

137 1490 293 1529 Aventino,
305 1492 422 1530 aliaque
433 1498 554 1523 sacrata?
566 1495 651 1532 leges,
662 1494 885 1526 abra-ementur.
902 1490 953 1521 Ex
965 1499 1026 1530 quo

131 1533 320 1573 intelligitur,
334 1534 425 1564 etiam
438 1533 552 1565 Icilium
563 1541 708 1565 sacratam
723 1534 824 1564 fuisse.
848 1533 919 1564 Lib.
935 1532 1017 1570 VII,

134 1585 159 1606 c.
176 1576 214 1605 41
228 1587 236 1605 :
262 1576 324 1606 Lex
339 1588 449 1617 quoque
464 1584 578 1608 sacrata
594 1578 725 1607 militaris
740 1579 797 1606 tuta
813 1582 864 1611 est,
886 1587 922 1606 ne
936 1577 1022 1615 cujus

134 1619 236 1648 militis
247 1619 346 1658 scripti
364 1630 478 1659 numen,
492 1621 547 1650 nisi
563 1621 621 1656 ipso
636 1621 753 1655 volente,
768 1620 926 1649 deleretur.
949 1618 1021 1649 Me-

133 1668 232 1691 morat
246 1661 328 1692 idem
343 1662 432 1702 legem
442 1669 584 1693 sacratam
599 1663 772 1697 Volscorum,
788 1662 1019 1697 Hetruscomm,

133 1703 325 1745 aliorumque
339 1705 534 1746 populorum,
548 1705 610 1747 quii
625 1705 736 1738 milites
749 1706 926 1746 legebantur
936 1702 1023 1737 (vid.
