1122 1868
177 85 236 115 182
388 84 540 116 INDEX
559 84 848 117 HISTORICUS.

218 170 373 210 Cephalus,
388 170 457 203 Att.
470 171 532 211 IV,
552 172 600 202 16.
621 169 828 210 Atheniensis,
839 171 893 213 qui
907 172 1061 204 inducitur

173 212 205 243 in
218 214 357 244 Platonis
374 219 524 251 Πολιτειᾳ.

220 258 354 296 Cepheus,
371 257 444 288 Nat.
461 257 502 287 D.
520 258 566 295 11,
584 258 634 287 43.
652 257 742 288 sidus.
767 258 862 288 Tusc.
877 258 920 296 V,
942 259 974 290 3.
989 269 1060 290 cum

172 309 277 338 uxore,
293 310 414 341 genero,
431 306 460 330 et
475 300 548 337 filia,
565 301 596 330 in
613 301 712 331 stellas
727 301 849 331 relatus.

219 345 350 382 Cere-ops,
367 344 410 374 N.
427 343 468 373 D.
486 342 513 379 I,
531 344 581 373 34.
606 343 829 384 Pythagoreus,
841 343 889 375 cui
903 344 1059 385 Pythago-

173 386 217 416 rei
232 397 351 417 carmen
367 386 539 426 Orphicum
560 386 742 416 tribuebant.
767 386 816 417 De
829 387 886 417 hac
900 397 932 417 re
948 398 975 417 v.
993 388 1064 418 Cle-

173 436 266 459 ment.
283 429 434 460 Alexand.
450 430 561 460 Strom.
577 429 629 459 lib.
650 428 677 468 1,
697 440 727 470 p.
744 430 818 460 333.
839 436 868 460 et
882 429 1010 460 Suidam
1030 430 1063 460 in

174 475 295 511 Ορφευς.

213 514 251 546 Ρ.
270 517 400 550 Cervius,
413 516 501 547 Verr.
518 515 579 552 VI,
594 516 645 545 44.
658 515 775 556 legatus
792 515 902 547 Verris.

219 558 354 588 Cesenius
370 558 471 594 Lento,
488 559 568 588 Phil.
587 558 670 594 XII,
687 560 716 588 9.
734 559 905 599 septemvir.

219 602 251 631 C.
267 602 407 637 s'estilizts,
424 601 457 632 in
480 602 550 632 Sen.
571 611 603 642 p.
622 601 724 631 Redit.
736 602 765 631 8.
784 602 852 632 trib.
868 602 911 642 pl.
923 602 962 632 P.
979 600 1063 632 Len-

174 643 239 673 tulo
254 644 414 685 Spinthere
429 655 486 675 cos.

215 686 248 716 C.
267 688 388 717 Cestius.
413 688 454 718 V.
474 688 614 718 Coestius.

215 730 369 767 Cethegus,
386 736 430 761 est
445 739 611 771 cognomen
629 729 753 761 famih'ae
768 730 927 770 cujusdam
943 730 1061 762 Lentu-

171 772 272 802 lorum
288 783 304 803 e
318 778 407 814 gente
423 773 573 804 Cornelia.

216 815 369 853 Cethegus,
392 817 468 847 Sull.
492 818 542 846 25.
566 816 732 847 Metellum
753 816 849 847 Pium
868 818 1006 848 vulnerat
1027 817 1060 847 in

173 857 335 899 Hispania.
360 859 391 889 in
416 860 518 890 Senat.
545 870 576 900 p.
594 860 670 890 Red.
692 861 722 889 4.
744 865 787 890 est
805 861 999 891 consobrinus
1022 861 1060 891 1..

172 900 294 931 Pisonis
311 902 474 933 Caesonini.
499 902 588 933 Catil.
610 902 674 941 ΙΙΙ,
694 903 723 932 3.
749 903 889 933 Catih'nae
910 903 1006 934 socius
1026 904 1058 933 in

171 945 386 983 conjuratione.

218 989 266 1017 Μ.
285 988 438 1022 ΟειΙιορυς,
448 987 497 1018 Μ.
511 988 548 1018 F.
562 987 599 1018 de
615 989 730 1019 Senect.
750 989 797 1019 14.
823 989 932 1020 Suadae
943 989 1062 1019 medul-

170 1029 201 1059 la
216 1030 312 1060 dictus
334 1036 377 1061 est
389 1032 427 1061 ab
444 1031 556 1061 Ennio.
579 1031 685 1061 Etiam
701 1042 791 1062 senex
807 1032 837 1062 in
854 1032 981 1062 dicendo
996 1038 1060 1062 stu-

171 1072 336 1103 diosissime
352 1084 382 1104 se
394 1080 519 1104 exercet.
543 1075 632 1104 Brut.
653 1075 699 1104 15.
716 1075 832 1115 primus
847 1075 916 1111 fuit,
930 1075 983 1115 qui
999 1076 1061 1105 elo·-

171 1125 267 1155 quens
294 1117 402 1146 Romae
428 1117 486 1147 fuit
507 1123 534 1147 et
554 1117 675 1147 habitus
707 1124 759 1147 est.
789 1117 870 1147 Belli
895 1118 1002 1148 Punici
1025 1118 1061 1148 II

173 1164 307 1199 tempore
323 1159 409 1195 vixit,
427 1160 463 1189 P.
479 1159 627 1190 Tuditani
642 1161 755 1200 collega
769 1160 801 1189 in
817 1160 986 1197 consulatu,
999 1161 1058 1191 διο.

215 1202 251 1232 P.
270 1203 420 1242 Cethegus,
444 1209 554 1243 praetor
576 1203 629 1234 (A.
648 1203 688 1233 U.
706 1204 793 1238 679.)
815 1203 868 1233 Br.
891 1204 941 1232 48.
961 1214 1058 1245 remp.

171 1246 314 1284 cogn6rat
337 1252 366 1275 et
389 1246 518 1275 tenebat.
559 1246 596 1275 In
623 1252 729 1275 senatu
759 1246 962 1276 consularium
988 1257 1060 1277 auc-

171 1287 322 1317 toritatem
348 1289 582 1328 assequebatur;
613 1288 645 1318 in
668 1288 798 1329 publicis
822 1289 919 1319 causis
948 1299 1059 1329 parum

170 1330 300 1367 valebat,
317 1331 348 1360 in
364 1331 488 1371 privatis
504 1337 659 1361 veterator.
685 1331 794 1361 Parad.
812 1333 842 1361 5.
873 1331 924 1369 Ei,
941 1331 1059 1362 homini

170 1381 231 1402 non
247 1373 469 1413 probatissimo,
486 1374 622 1404 homines
633 1374 812 1415 amplissimi
827 1374 972 1411 serviunt,
989 1385 1059 1405 mu-

170 1424 242 1445 nera
256 1416 393 1453 mittunt,
408 1417 464 1446 &c.
480 1417 703 1457 provinciarum
720 1418 784 1456 ejus
799 1417 975 1448 auctoritate
989 1427 1060 1447 con-

168 1459 391 1497 sequendarum
410 1460 509 1489 causa.
540 1460 676 1499 Respicit
699 1460 849 1501 imprimis
871 1460 909 1490 ad
930 1460 968 1489 11.
994 1460 1060 1490 Lu-

169 1500 296 1530 cuHum.
319 1502 359 1532 V.
385 1502 540 1532 Plutarch.
556 1502 587 1531 in
604 1502 746 1539 Lucullo,
770 1514 800 1543 p.
817 1504 889 1533 495.
911 1502 960 1533 ed.
976 1502 1059 1533 We-

169 1542 244 1573 chel.
273 1544 322 1574 De
346 1544 451 1575 eodem
473 1545 609 1586 Cethego
630 1546 715 1587 capio
736 1545 841 1576 locum*
858 1555 913 1587 pro
933 1545 1055 1576 Cluent-

168 1595 194 1615 c.
214 1586 265 1615 31.

212 1628 342 1666 Chaerea,
365 1640 420 1670 pro
449 1630 490 1668 Q.
521 1630 632 1662 Roscio
664 1641 753 1673 saepe⁷
781 1637 825 1662 est
855 1631 891 1662 C.
917 1631 1055 1663 Fannius

169 1670 303 1702 Chaerea.
635 1697 639 1700 -

207 1715 429 1755 Chaerestratus,
446 1716 477 1747 S.
495 1716 584 1748 Rosc.
604 1717 652 1747 16.
666 1727 777 1749 nomen
793 1717 952 1749 comicum.
