1122 1868
137 65 210 100 ‘288
358 66 505 98 INDEX
529 67 813 100 HISTORICUS.

148 162 261 192 autem,
277 153 359 196 quod
374 152 485 194 praedia
500 163 554 183 sua
574 152 605 183 in
622 152 791 194 Campania
811 153 929 190 habuit,
945 152 1029 183 colli«

145 210 196 240 go,
212 207 273 227 non
289 207 350 227 esse
365 207 402 227 ex
416 196 523 226 Mariis
537 196 749 237 Arpinatibus,
766 195 817 226 sed
833 206 870 225 ex
886 195 1025 226 Sidicinis

146 248 199 272 aut
210 239 390 277 Valentinis,
406 240 483 269 inter
497 249 572 280 quos
588 240 702 269 nobiles
718 239 832 268 Marios
847 238 938 269 fuisse
953 248 1024 269 con-

145 291 211 315 stat.

188 328 234 357 M.
251 327 379 356 Marius
394 325 611 361 Gratidianus,
625 325 714 354 Brut.
726 326 776 354 45.
791 323 871 354 filius
883 323 929 352 Μ.
944 323 1022 353 Gra-

141 370 218 408 tidii‚
235 369 264 399 in
283 368 390 399 Cilicia
412 368 569 403 interfecti,
588 367 669 407 (vide
690 378 780 407 supra
803 367 832 396 in
862 367 1021 397 Gratidius

142 420 171 445 et
188 410 415 449 Gratidianus.)
433 409 489 440 Or.
507 409 534 445 I,
551 412 602 439 39.
626 410 688 440 Off.
706 410 772 447 111,
792 412 840 439 16.

183 458 254 487 Sex.
268 455 407 491 illarius,
423 453 462 482 ad
484 453 556 482 Div.
575 450 654 490 XII,
676 455 723 483 15.
739 453 855 493 legatus
871 452 1019 483 Dolabel-

137 500 175 530 lae
189 499 220 528 in
235 498 322 528 Asia.

180 542 214 572 T.
232 541 370 576 Blarius,
386 538 424 568 ad
439 536 514 568 Div.
531 536 572 573 V,
587 541 636 568 90.

180 585 301 615 Dim-tia
326 583 414 621 legio,
440 581 521 611 Phil.
548 578 613 618 ΙΙΙ,
641 581 670 610 3.
699 580 747 610 Μ.
770 580 940 611 Antonium
966 581 1018 611 de-

135 634 214 659 sent.

179 670 354 706 Martiales,
381 667 502 698 Cluent.
527 667 574 696 15.
602 664 732 696 ministri
757 665 871 707 publici
894 665 1016 706 Martis,

134 713 249 744 Larini.

177 756 336 786 ,Marullus
367 753 513 792 Epidius.
548 751 628 782 Phil.
657 750 756 789 XIII,
794 754 841 784 15.
874 753 1014 784 tribunus

131 800 212 840 pleb.
239 810 257 829 a
278 797 396 829 Caesare
419 807 436 826 a
456 806 518 835 rep.
542 801 685 831 remotus,
710 797 748 825 ob
771 795 1013 836 intempestivam

130 842 273 873 adversus
296 850 366 870 eum
390 839 569 869 libertatem.
595 837 634 868 V.
663 838 742 868 Vell.
771 836 817 876 11,
845 838 896 869 68.
930 840 1013 870 Suet.

130 886 207 916 Caes.
221 886 272 920 79.

173 928 357 962 ΙῑΙηςῖηίεεα,
374 925 462 956 Verr.
478 923 521 960 V,
539 924 588 953 46.
602 934 655 954 rex
669 923 779 954 Africae
792 934 801 959 3
819 924 882 963 ejus
897 923 1011 964 religio.

132 971 169 1001 de
186 972 301 1001 Senect.
322 972 370 998 10.
397 967 562 1007 nonaginta
577 977 671 997 annos
686 974 775 997 natus
795 967 894 997 adhuc
913 967 1015 997 valens

129 1020 173 1044 est
199 1014 300 1044 animo
321 1018 350 1042 et
365 1021 495 1051 corpore.
520 1009 568 1039 De
584 1011 648 1049 ejus
664 1016 812 1040 senectute
828 1020 855 1039 v.
877 1009 1014 1051 Appian.

128 1059 160 1088 in
178 1056 285 1086 Punic.
310 1066 340 1096 p.
362 1055 413 1085 39.
438 1052 622 1092 Wesseling.
642 1053 719 1083 Obs.
748 1051 774 1089 I,
803 1055 854 1082 24.
880 1051 1010 1083 Crevier.

127 1099 166 1131 ad
184 1099 267 1139 Epit.
293 1098 361 1128 Liv.
378 1098 430 1126 48.
449 1094 605 1125 Drakenb.
627 1095 664 1125 ad
685 1095 769 1136 Epit.
794 1097 846 1125 50.
870 1095 920 1125 De
935 1096 1010 1125 libe-

126 1144 166 1174 ris
179 1143 243 1181 ejus
259 1152 286 1171 v.
304 1139 473 1170 Buherium
485 1137 523 1167 ad
538 1138 640 1168 Somn.
656 1138 735 1178 Scip.
759 1142 782 1168 1.
798 1137 934 1168 Stemma
944 1139 1009 1177 ejus

124 1186 216 1217 habes
232 1195 280 1224 ap.
299 1183 446 1223 Sponium
460 1181 491 1210 in
509 1180 637 1211 Miscell.
661 1182 737 1211 Ant.
754 1192 783 1222 p.
807 1183 874 1211 145.

168 1229 273 1263 Dlaro,
290 1226 328 1256 ad
346 1225 418 1255 Div.
441 1223 504 1261 IX,
521 1226 571 1253 21.
588 1233 754 1264 cognomen
770 1223 894 1253 familiae
915 1223 1008 1264 Papi-

123 1273 175 1304 riae
190 1269 332 1310 patriciae.

167 1314 268 1349 ᾹῙαςο,
281 1312 348 1341 Att.
360 1310 403 1347 V,
417 1312 445 1338 4.
459 1308 608 1339 Corradus
617 1315 704 1350 putat
719 1319 779 1340 esse
792 1309 829 1340 L.
847 1308 1006 1349 Papin'um

123 1360 317 1434 Paect'illXI-aw.
333 1395 423 1426 Balb.
435 1398 486 1425 23.
503 1401 633 1433 senator,
646 1400 802 1425 accusante
814 1395 854 1425 T.
867 1394 1004 1435 Coponio

123 1442 298 1477 Tiburtino,
315 1440 486 1470 damnatur.

165 1488 196 1516 C.
214 1485 316 1519 Maso,
350 1482 400 1523 (C.
418 1481 454 1510 F.
476 1480 514 1510 L.
530 1479 585 1518 N.)
602 1481 645 1511 N.
664 1480 707 1510 D.
730 1479 794 1518 ΙΙΙ,
823 1483 873 1510 20.
898 1479 1005 1510 Fontis

120 1529 283 1562 delubrum
299 1535 336 1555 ex
353 1523 472 1555 Corsica
488 1523 643 1554 dedicavit.
669 1524 719 1554 De
730 1524 795 1562 ejus
810 1522 878 1553 fatis
890 1533 917 1552 v.
936 1523 1006 1553 Liv.

122 1570 256 1605 XXIX,
279 1570 330 1598 29.
353 1566 479 1606 Bergeri
501 1565 697 1607 Eclogarium
723 1565 891 1603 Corsicum,
919 1565 1003 1596 Diss.

117 1615 185 1651 III,
201 1625 232 1654 p.
253 1615 299 1641 11.
321 1612 368 1640 12.

164 1659 204 1689 L.
221 1655 327 1690 Maso,
340 1652 378 1682 ad
394 1652 465 1682 Div.
484 1650 546 1690 IX,
566 1653 617 1682 21.
634 1652 786 1683 aedilicius.

161 1701 404 1734 Mastanesoses‚
426 1694 497 1726 Vat.
513 1697 540 1725 5.
559 1695 624 1735 ejus
647 1705 784 1737 regumn.
807 1693 968 1733 Quantum
983 1704 1001 1725 e
