1137 1848
343 81 497 113 INDEX
521 81 696 113 LEGUM.
924 81 966 109 55

79 169 176 200 factus
199 173 275 199 esset
301 177 372 199 cum
401 168 521 199 duobus
550 167 670 205 essedis,
700 172 730 198 et
759 166 852 197 rheda
882 166 967 207 equis

76 210 193 251 juncta,
214 217 243 242 et
262 211 377 248 lectica,
393 217 423 242 et
446 211 564 241 familia
585 210 719 251 magniu
743 210 853 240 horum
877 209 968 239 cause

79 254 152 284 (licit
174 254 291 291 Cicero,
307 254 406 284 Vedio
425 254 601 284 solvendum
625 265 663 284 ex
684 254 751 293 lege
768 252 920 287 Curionis,
943 252 967 282 si

79 297 257 338 perferatur,
274 297 406 328 sestertia
420 303 553 327 centena.
585 296 623 326 ld
638 295 765 336 vectigal
781 295 878 325 simile
894 295 969 324 fuis-

80 345 124 370 set
134 350 175 370 ex
184 346 269 381 parte
281 340 319 376 ei,
327 340 409 380 quod
419 350 473 370 nos
479 340 608 370 dicimus
617 340 648 369 H
650 340 774 379 igh-zsay
783 338 869 374 Rau,
881 337 965 378 quod

80 382 112 412 in
128 383 190 413 vias
204 383 384 413 muniendas
400 383 605 423 impenditur:
630 383 687 412 hoc
707 387 784 411 certe
802 382 857 411 sub
879 381 968 410 titulo

80 425 162 466 exigi
184 426 267 456 solet.
291 426 428 464 Quidam
448 426 527 456 hanc
541 426 639 465 legem
655 425 735 455 male
755 423 898 454 Vivarium
914 429 968 452 aut

83 467 234 498 Vinariam
249 474 303 499 aut
321 468 484 498 Vineariam
499 469 662 509 appellant.
685 468 726 498 V.
748 467 967 502 Contarenum,

83 510 121 541 de
136 511 243 541 Frum.
261 512 353 552 Larg.
368 522 392 542 c.
406 513 426 543 9
440 522 450 547 t,
475 511 562 553 Lips.
578 511 675 542 Elect.
692 511 721 548 I,
738 511 768 540 8.

129 553 228 584 Villio.
256 554 331 585 Vid.
348 556 486 585 Annales.

130 597 265 634 Voconia,
288 598 350 628 lata
367 608 385 627 a
404 597 440 631 Q.
458 597 575 627 Voconio
596 596 688 633 Sami,
713 596 781 627 trib.
802 596 845 637 pl.
869 596 909 626 A.
924 595 967 625 U.

83 640 159 677 584,
176 640 319 670 suadente
335 641 460 671 Catone.
489 642 547 671 Est
564 641 792 675 testamentaria,
809 640 846 669 de
860 639 971 669 mulie-

83 693 153 713 rum
168 683 413 719 haereditatibus;
437 684 500 725 qua
520 684 669 714 sancitum
690 689 745 719 est,
764 688 809 717 ut,
834 684 894 722 qui,
911 688 971 720 pust

84 726 125 756 A.
144 726 326 756 Postumium
348 733 376 756 et
399 726 435 761 Q.
452 726 593 757 Fulvium
616 737 754 760 censores,
770 737 870 756 census
889 731 970 759 esset,

83 779 120 799 ‘ne
134 770 280 799 haeredem
297 770 451 808 virginem,
463 781 532 800 neve
547 770 709 805 mulierem,
722 770 861 809 jaceret,-
888 767 969 809 (Cic.

84 811 117 842 in
129 812 218 843 Verr.
232 812 282 849 II,
299 813 354 848 4⁶2)
366 822 440 843 neve
455 812 576 849 mulier,
586 812 678 852 legati
692 812 826 847 nomine,
839 811 909 851 plus
924 821 972 841 ca-

85 860 180 896 peret,
197 865 290 895 quam
305 854 410 885 haeres.
438 855 526 897 (ibid.
541 856 606 893 43.)
622 855 740 885 Eadem
750 855 801 884 lex
816 854 970 889 laudatur,

86 908 142 938 pro
165 897 275 934 Balbo,
297 908 322 928 c.
339 899 379 934 83
410 898 447 928 de
463 898 532 928 Fin.
550 897 599 935 II,
624 899 683 934 l7;
707 897 745 927 de
763 898 878 928 Senect.
900 907 924 927 c.
942 898 972 925 5.

88 940 175 970 Censi
190 950 206 970 e
221 940 350 971 Voconii
368 947 471 971 mente
494 941 558 971 sine
575 941 669 971 dubio
689 946 773 970 erant
790 942 875 976 cives,
892 939 974 980 quod

84 983 200 1013 nemini
218 983 328 1013 licebat
348 983 462 1014 deferre
483 984 521 1014 ad
539 994 691 1014 censorem
711 993 776 1013 rem
797 992 895 1019 suam,
918 981 974 1011 nisi

85 1026 139 1066 qui
154 1025 226 1056 civis
242 1026 334 1056 Rom.
351 1032 435 1057 esset.
459 1027 519 1058 Sed
531 1027 562 1057 in
577 1027 634 1057 hoc
645 1027 735 1056 verbo
747 1025 976 1056 calumniaban-

84 1074 146 1106 tur,
163 1068 295 1109 quirem
312 1079 398 1100 suam
419 1070 458 1100 ad
478 1080 606 1100 uxorem
630 1075 683 1099 aut
702 1069 796 1099 filiam
815 1068 976 1098 transferre

86 1117 238 1152 cuperent.
270 1112 355 1142 Nam
379 1123 462 1149 cum,
486 1113 547 1143 illis
570 1112 769 1153 temporibus,
792 1111 842 1141 lex
869 1112 974 1141 census

83 1154 240 1192 Serviana,
261 1154 299 1185 de
315 1155 478 1186 vendendis
496 1155 636 1193 incensis,
653 1165 713 1185 non
734 1155 838 1184 acerbe
857 1159 911 1183 aut
930 1164 976 1184 se-

85 1207 154 1228 vere
178 1197 248 1228 satis
267 1205 445 1238 servaressur,
473 1204 502 1229 et
523 1199 615 1229 multi
639 1198 717 1228 cives
740 1198 833 1228 Rom.
860 1196 975 1227 incensi

85 1245 195 1279 essent,
223 1243 341 1275 (causas
364 1241 425 1272 vid.
444 1253 492 1283 ap.
517 1241 655 1272 Perizon.
671 1241 748 1270 libro
763 1250 836 1270 mox
859 1249 975 1269 inemo-

85 1283 191 1319 rando,
207 1294 238 1324 p.
262 1283 338 1322 129)
357 1284 401 1322 hi,
418 1285 472 1325 qui
487 1284 633 1315 feminam
648 1283 798 1314 haeredem
813 1282 974 1319 faciebant,

87 1332 245 1366 propterea
266 1336 297 1356 se
311 1327 378 1367 lege
392 1327 530 1358 Voconia
546 1327 639 1357 teneri
654 1327 816 1366 negabant,
832 1325 915 1366 quod
930 1325 977 1354 in-

86 1369 167 1399 censi
181 1374 287 1399 essent.
304 1370 409 1410 Atque
422 1370 478 1401 hac
493 1370 645 1401 calumnia
660 1369 744 1399 verbi
758 1379 858 1399 census
873 1368 977 1398 elude-

85 1412 160 1442 bant
174 1412 285 1453 legem,
305 1413 483 1453 praetoribus
505 1413 644 1443 facilibus
665 1411 698 1442 in
712 1422 744 1442 re
759 1410 846 1441 dur‘a.
877 1411 975 1448 Nam,

85 1464 124 1485 ex
136 1455 273 1485 Verrinae
281 1456 302 1485 1.
316 1466 341 1486 c.
351 1455 480 1496 intelligi
489 1461 598 1496 potest,
610 1461 750 1497 praetores
765 1461 835 1484 ante
844 1453 975 1484 Verrem

86 1507 192 1528 omnes
215 1508 253 1528 ex
276 1498 333 1528 hac
355 1499 509 1529 calumnia
528 1498 709 1534 decrevisse;
740 1503 770 1527 et
788 1496 978 1527 haereditates

87 1540 145 1572 hoc
159 1540 251 1571 modo
260 1541 298 1571 ad
310 1541 387 1571 filias
397 1541 599 1582 mulieresque
608 1540 733 1572 transire
747 1540 889 1581 potuisse.
912 1539 978 1576 Qui

88 1589 192 1614 autem
218 1584 298 1614 censi
322 1589 417 1621 erant,
438 1584 574 1625 adeoque
596 1584 695 1624 legem
718 1582 838 1614 eludere
859 1582 976 1612 calum-

89 1625 201 1656 niando
216 1636 277 1657 non
287 1632 437 1667 poterant,
448 1627 600 1657 haeredem
610 1626 802 1657 fiduciarium
814 1625 975 1660 faciebant,

89 1668 121 1698 h.
142 1679 168 1699 e.
186 1669 241 1710 qui
262 1669 469 1700 haereditatem
484 1674 616 1700 cerneret
633 1669 769 1710 quidem,
793 1668 844 1698 sed
867 1667 976 1698 deinde

89 1711 172 1747 filiae,
196 1717 250 1742 aut
274 1712 456 1753 cuicumque
478 1718 599 1743 testator
614 1712 765 1749 voluisset,
787 1710 934 1745 redderet,
953 1709 977 1739 si

90 1756 203 1794 probus
218 1761 302 1786 esset.
326 1755 422 1795 Nam,
440 1756 464 1787 si
484 1756 552 1797 quis
566 1754 698 1797 perfidus
715 1755 845 1796 negabat
867 1763 898 1784 se
917 1752 979 1783 haen
