1122 1868
125 55 189 91 278
340 56 490 89 INDEX
515 56 802 89 HISTORICUS.

172 141 209 178 Q.
225 142 367 174 Lutatius
380 144 543 174 Diodorus.
558 143 647 174 Verr.
664 143 706 182 V,
727 146 775 176 17.
789 142 1009 184 Lilybaetatms,

126 183 167 221 Q.
186 185 288 215 Catuli
302 187 445 218 beneficio
459 187 530 218 civis
546 187 638 217 Rom.
655 198 673 217 a
688 187 774 218 Sulla
788 186 894 217 factus.

174 228 266 267 Lyco,
283 229 375 260 Tusc.
392 230 458 268 ΙΙΙ,
480 234 531 261 32.
556 230 753 271 philosophus
780 228 1008 270 Peripateticus,

128 280 278 302 successor
288 273 434 304 Stratonis
450 273 660 313 Lampsaceni,
672 272 863 314 Astyanactis
879 271 920 301 ffl.
935 272 1011 302 Tro-

128 313 257 353 adensis,
284 315 321 345 de
338 326 399 356 quo
418 316 563 357 legendus
585 322 629 346 est
653 316 755 346 La'ert.
780 315 822 353 V,
851 316 902 344 65.
927 325 1011 355 seqq.

127 356 252 397 Scripsit
267 358 304 388 de
320 359 446 390 Finibus
461 361 492 390 b.
503 365 531 389 et
546 369 587 388 ni.
601 359 710 389 Dictus
725 364 754 389 et
769 358 878 399 (ssyen,
891 363 1014 398 propter

128 397 318 432 dulcedinem
344 402 493 433 orationis.
519 401 559 432 V.
584 402 706 433 collecta
731 412 749 432 a
773 400 959 432 Ruhnkenio
974 400 1013 430 ad

133 443 232 473 Rutfl.
256 444 395 485 Lupum,
408 456 438 486 p.
452 447 503 476 94.

172 486 359 525 Lycomedes,
372 488 409 517 de
421 487 545 519 Amicit.
560 492 610 519 20.
628 487 865 528 Neoptolemum
876 486 941 522 alit,
957 491 986 516 et
997 496 1016 516 a

129 529 209 559 bello
225 529 359 569 Trojano
374 530 484 561 frustra
499 531 682 562 dehortatur.
707 531 776 560 Rex
792 530 886 570 Scyri.
912 529 1019 558 Achil-

129 572 183 602 lem
200 571 306 603 Cicero
321 573 449 604 scribere
463 574 578 610 debuit,
600 583 660 604 non
679 574 907 611 Neoptolemum.

175 615 345 655 Lycurgus,
372 616 534 656 legislator.
555 617 647 647 Tusc.
666 616 708 654 V,
733 619 762 646 3.
795 615 924 646 Homeri
939 620 1016 644 tem-

131 668 204 698 pore
218 658 302 688 vixit.
329 658 379 689 De
401 665 487 689 aetate
510 659 645 699 Lycurgi
665 670 693 690 v.
710 659 832 689 collecta
848 659 964 688 Meurs.
985 657 1018 687 in

132 702 223 731 Misc.
243 703 354 731 Lacon.
373 701 419 740 ΙΙ,
436 705 464 731 5.
482 712 550 742 quae
565 702 731 742 proderunt
743 702 781 732 ad
790 702 891 732 locum
906 711 950 731 or.
963 710 1018 740 pro

133 744 252 779 Flacco,
271 748 321 774 26.
345 745 416 774 Div.
434 746 463 782 Ι,
480 748 531 775 42.
548 745 628 784 leges
644 756 712 776 suas
727 744 905 775 auctoritate
919 742 1019 784 Apol-

134 787 204 817 linis
217 787 361 826 Delphici
377 788 544 817 confirmat.
567 787 631 818 Off.
644 788 672 825 I,
685 791 736 817 22.
750 788 914 817 laudantur
928 786 1019 826 leges.

134 828 230 860 Acad.
256 829 316 867 IV,
342 833 392 859 44.
417 831 510 860 Sto'ici
525 837 637 870 negant
657 841 720 861 esse
740 829 884 871 Lycurgi.
914 829 963 859 De
977 829 1021 859 le-

133 873 222 913 gibus
240 873 374 913 Lycurgi
389 873 517 903 ademtis
535 874 662 914 Spartae,
682 880 711 904 et
725 873 860 911 redditis,
876 883 904 902 v.
921 871 1020 902 Drak.

136 915 175 945 ad
196 916 265 946 Liv.
292 916 494 954 XXXVIII,
516 917 568 947 35.
602 916 755 958 Lycurgei
777 916 815 946 ad
837 915 907 946 Att.
924 914 953 954 I,
972 917 1022 946 123.

135 964 207 988 sunt
222 959 314 989 severi
330 958 361 988 in
376 969 438 1000 rep.

180 1002 351 1043 Lycurgus,
372 1002 462 1032 Brut.
480 1001 542 1039 IX,
560 1004 613 1033 34.
635 1006 735 1031 orator
749 1000 945 1032 Atheniensis
966 1000 1024 1030 ΙΕ-

136 1044 248 1074 schinis
273 1050 425 1085 tempore:
452 1045 539 1083 cujus
559 1049 657 1075 exstat
677 1044 899 1085 elegantissima
921 1049 1024 1074 contra

138 1087 317 1118 Leocratem
346 1087 451 1118 oratio.
485 1088 588 1119 Cicero
612 1097 684 1117 eum
712 1087 846 1128 appellat
871 1092 1025 1117 accusato-

141 1139 215 1159 rem.

181 1173 350 1212 Lysander,
363 1172 400 1203 de
413 1172 476 1203 Off.
495 1173 524 1212 I,
541 1176 593 1204 30.
610 1172 870 1211 Lacedaemonius,
883 1171 1026 1202 versutis-

140 1215 235 1246 simus
260 1222 289 1246 et
311 1216 556 1257 patientissimus.
582 1215 609 1252 1,
635 1218 686 1246 22.
725 1215 1026 1246 Lacedaemoniorum

138 1258 302 1299 imperium
332 1260 446 1290 dilatat.
473 1259 545 1289 Div.
562 1259 592 1296 Ι,
608 1260 661 1289 42.
683 1259 763 1299 leges
782 1257 1027 1288 Lacedaemonio-

140 1311 210 1331 rum
225 1308 342 1333 mutare
353 1302 529 1343 prohibetur
540 1303 578 1332 ab
592 1302 736 1342 Apolline
751 1300 912 1342 Delphico.
928 1299 956 1337 I,
973 1300 1025 1330 34.

140 1344 173 1373 in
185 1346 249 1383 ejus
264 1352 371 1376 statuae
392 1345 487 1386 capite
503 1344 634 1386 Delphis
658 1344 758 1376 subito
782 1353 890 1375 corona
913 1342 1027 1374 exstitit

144 1398 181 1417 ex
197 1388 309 1428 asperis
318 1389 428 1419 herbis.

186 1431 353 1470 Lysander,
371 1431 435 1461 Off.
452 1430 498 1468 II,
515 1434 567 1462 23.
587 1436 709 1472 propter
732 1428 925 1469 injustitiam,
951 1429 1027 1459 urbe

140 1473 247 1512 pulsus
263 1479 315 1503 est.
332 1474 476 1514 Ephorus
485 1474 554 1511 fuit,
567 1474 701 1504 diversus
717 1483 735 1503 a
747 1472 907 1513 superiore.
924 1471 1027 1511 Prope

144 1515 204 1545 150
217 1516 303 1547 annis
312 1522 379 1557 post
393 1517 483 1547 illum
495 1517 571 1547 vixit
581 1529 590 1547 ι
615 1516 652 1547 de
667 1526 728 1558 quo
743 1515 804 1547 vid.
823 1514 981 1546 Plutarch.
994 1514 1026 1544 'm

148 1557 257 1598 Agide.

192 1601 348 1640 Lysanias,
366 1602 466 1633 Flacc.
486 1603 535 1633 18.
552 1602 720 1633 Temnites.

189 1645 347 1683 Lysiades,
362 1645 569 1682 Ammianus,
587 1646 671 1676 Phil.
690 1642 787 1685 VIII,
804 1645 835 1676 9.
859 1643 913 1675 ubi
927 1648 1030 1675 tamen

149 1685 292 1718 Muretus
306 1688 438 1720 malebat
451 1688 513 1729 legi
528 1689 664 1730 Lysides.
