1122 1868
123 69 191 99 20&
334 69 482 102 INDEX
506 71 792 103 HISTORICUS.

547 157 590 188 D.

170 241 388 281 Damasippus,
401 253 567 283 cognomen
579 243 778 276 Liciniorum.
793 242 831 273 ad
841 243 914 273 Div.
928 241 1008 279 VII,

124 286 176 312 23.
193 290 305 315 statuas
327 292 419 323 amat,
445 286 482 316 de
508 297 569 327 quo
593 293 642 317 est'
663 287 746 327 apud
765 286 930 316 Horatium
946 288 1010 316 Sat.

128 324 175 361 ΙΙ,
191 328 221 356 3.
244 328 313 357 Att.
335 328 417 366 XII,
434 330 486 359 29.
502 331 553 359 33.
575 331 613 359 ab
641 340 676 359 eo
702 330 804 359 hortos
828 339 926 360 emere
948 328 1015 359 vult

131 368 246 400 Cicero.

169 413 210 442 L.
228 413 449 453 Damasippus,
467 415 504 445 ad
521 414 594 445 Div.
622 414 681 451 IX,
698 418 748 445 21.
764 420 885 455 praetor,
902 413 955 455 qui
973 411 1010 444 C.

129 453 302 485 Carbonem
318 458 434 487 occidit.
453 458 493 487 V.
511 458 621 488 Vellei.
640 457 686 495 II,
703 461 755 487 26.

172 498 298 536 Damio,
315 499 448 530 Tertius.
475 501 539 531 Att.
560 500 620 538 IV,
637 502 667 530 3.

168 541 347 580 Damocles,
377 543 469 574 Tusc.
486 544 549 582 Qu.
567 544 609 582 V,
635 546 685 574 20.
713 548 877 574 assentator
893 542 1015 582 Diony-

131 594 176 614 su.

170 627 306 665 Damon,
323 628 385 659 Off.
404 628 468 667 111,
489 630 537 659 10.
554 629 647 659 Tusc.
660 629 702 667 V,
715 640 793 660 verae
803 628 943 659 amicitiae
952 637 1018 668 spe-

128 669 237 700 cimen.
262 672 481 711 Pythagoreus.
505 672 560 702 Or.
579 671 643 708 III,
660 674 692 702 3.
708 673 852 702 musicus.

172 714 318 750 Danaus,
336 715 445 744 Parad.
463 716 492 744 6.
509 715 575 753 ejus
591 715 814 756 quinquaginta
828 714 907 744 filiae.

172 757 338 795 Daplzitas,
354 757 391 787 de
406 758 474 787 Fat.
490 758 520 787 3.
544 757 583 787 Ei
608 758 706 788 fatum
722 758 792 794 fuit,
816 767 853 787 ex
874 766 952 797 equo
967 766 1018 786 ca-

128 798 210 834 dere,
227 805 319 840 atque
338 800 380 829 ita
406 800 511 840 perire.
547 800 621 830 Fuit
644 800 866 838 Telmissensis,
883 799 1018 840 sophista

128 843 251 871 acerbus
267 849 296 872 et
311 843 437 872 mordax
459 843 549 873 etiam
571 843 603 873 in
619 844 762 874 Attalum
781 843 1018 883 Pergamenum.

129 883 303 915 Versiculos
319 885 350 915 in
367 896 437 916 eum
453 886 544 915 habet
567 887 686 923 Strabo,
714 885 808 923 XIV,
832 896 862 926 p.
879 886 951 916 958.
968 884 1016 914 ed.

128 927 245 957 Almel.
261 928 343 958 unde
358 939 428 958 eum
441 928 478 958 de
490 938 573 965 saxo,
584 929 633 959 cui
646 930 727 969 quci
738 938 861 967 nomen,
877 938 930 958 rex
942 937 1019 967 prae-

130 969 248 1009 cipitari
269 971 368 1009 jussit.
404 972 484 1001 Rem
511 978 634 1001 narrant
658 972 743 1002 Suid.
768 971 800 1001 in
823 971 964 1010 Διφιὸης,
988 975 1018 999 et

130 1012 159 1042 V
162 1012 232 1042 aler.
247 1013 295 1042 M.
315 1012 341 1050 1,
360 1015 388 1043 8.
413 1014 472 1044 Sed
482 1014 574 1054 paulo
583 1015 730 1055 discrepat
745 1025 762 1044 a
774 1013 886 1044 caeteris
896 1013 1017 1050 strabo,

129 1055 183 1095 qui
200 1062 229 1084 et
244 1057 479 1095 grammaticum
490 1063 585 1095 vocat,
603 1063 631 1086 et
647 1057 678 1086 in
695 1067 814 1087 crucem
830 1064 932 1086 actum
947 1054 1021 1084 dicit

129 1097 160 1126 iu
176 1096 324 1135 Thorace,
346 1099 410 1128 loco
426 1099 571 1139 quodam,
586 1101 768 1140 jussumque
783 1101 821 1129 ab
836 1098 968 1133 oraculo,
985 1103 1020 1126 ut

128 1140 185 1170 sibi
201 1151 218 1170 a
233 1140 352 1171 thorace
367 1148 492 1171 caveret.
516 1142 629 1171 Utrum
642 1143 794 1182 Dapltitas
804 1152 842 1171 an
858 1141 1021 1180 Daplzidas

130 1183 334 1221 scribendum,
352 1195 379 1214 v.
396 1184 523 1214 Torren.
542 1185 581 1214 ad
598 1186 699 1215 Valer.
716 1186 736 1214 l.
754 1195 779 1215 c.

176 1227 357 1262 Dardanus,
387 1226 481 1257 Acad.
498 1226 559 1265 IV,
577 1232 629 1258 2¹2.
651 1228 781 1267 Stoicus,
802 1233 937 1268 tempore
951 1226 1022 1256 An·

131 1268 224 1298 tiochi
237 1269 421 1300 Academici.

173 1313 363 1349 Dardanus,
380 1313 418 1342 ad
436 1312 509 1342 Div.
529 1312 570 1349 X,
588 1315 638 1343 25.
655 1313 780 1343 libertus
796 1312 914 1342 Furnii.

175 1356 292 1385 Darius
308 1357 535 1391 codomannus,
551 1355 580 1385 T
582 1367 642 1387 use.
654 1357 696 1393 V,
714 1359 764 1386 32.
776 1356 807 1385 in
819 1355 893 1396 fuga
906 1365 1018 1395 aquam

133 1397 286 1427 turbidam
304 1399 433 1428 suaviter
448 1399 533 1428 bibit.

179 1442 215 1470 ζ’.
232 1442 407 1479 Decianus,
426 1441 531 1471 Rabir.
543 1444 572 1472 9.
589 1441 806 1472 condemnatus
820 1445 874 1476 est,
892 1440 972 1480 quod
989 1439 1021 1469 in

134 1483 274 1512 concione
290 1484 326 1513 de
342 1490 437 1514 morte
452 1485 609 1514 Saturnini
625 1491 749 1526 questus
759 1489 844 1514 esset.
870 1483 898 1513 V
901 1483 942 1512 id.
959 1482 1024 1513 Va-

134 1525 188 1554 ler.
207 1524 303 1560 VIII,
325 1529 350 1555 1.

179 1568 324 1598 Decidius
341 1571 428 1599 Sua.
454 1569 535 1599 Phil.
554 1568 654 1607 XIII,
675 1573 724 1600 12.
739 1569 782 1600 V.
798 1569 830 1598 in
846 1570 940 1598 Sama.

181 1611 341 1646 Decimus,
357 1612 425 1641 Att.
444 1611 502 1649 VI,
522 1615 572 1643 16.

181 1654 352 1688 Decimius,
370 1654 551 1694 designator,
574 1655 667 1685 Dom.
687 1658 735 1685 19.
761 1654 826 1684 Att.
843 1652 904 1689 IV,
920 1653 952 1682 3.
978 1661 1025 1682 so-

138 1696 201 1726 cius
217 1702 245 1726 et
260 1697 370 1726 assecla
386 1697 421 1726 P.
440 1697 552 1735 Clodii,
569 1705 598 1728 et
610 1708 715 1728 suasor
729 1698 832 1738 legum
848 1696 939 1726 illius.

184 1740 314 1777 Decius,
333 1739 394 1770 Pis.
416 1743 463 1770 11.
479 1740 666 1781 Campanus.
