1122 1868
193 42 233 77 74
365 40 513 72 INDEX
536 40 900 73 GEOGRAPHICUS.

238 127 374 165 Citarini,
398 128 430 158 in
455 128 544 158 Verr.
562 127 624 165 IV,
645 127 696 157 43.
728 127 886 159 Cluverius
909 127 1070 167 legendum

193 177 291 201 censet
308 172 446 206 Cetarim',
461 182 479 201 a
496 170 625 207 Cetaria,
637 171 711 200 urbe
720 170 828 201 Siciliae
842 171 920 201 inter
934 173 1072 211 segesta-

191 223 301 243 norum
327 214 495 254 emporium
517 220 545 244 et
570 213 820 254 promontorium.
851 214 895 245 Et
909 215 950 245 sic
964 221 1007 245 αεὶ
1021 225 1070 255 ap.

194 256 274 286 Plin.
292 255 357 295 ΙΙΙ,
371 258 411 292 8;
436 257 536 287 Graev.
553 257 591 287 ad
605 256 626 286 1.
641 267 667 287 ε.

234 301 348 337 (liz-arn,
370 299 409 330 ad
429 299 501 330 Div.
521 300 566 336 X,
583 302 636 335 23,
657 300 739 329 locus
753 299 786 329 in
804 299 914 330 finibus
930 300 1071 331 Allobro-

189 352 276 382 gum,
290 343 314 373 si
327 343 415 373 lectio
429 348 508 373 recta
523 348 579 374 est.
602 344 686 373 Nam
702 341 796 373 MSS.
809 342 934 384 quidam
956 343 1069 373 habent

191 387 316 424 Cujaro:
331 385 412 416 unde
436 386 578 426 Scaliger,
604 384 793 422 sirmondus,
810 392 840 416 et
862 385 924 422 alii,
941 386 1000 426 legi
1020 396 1071 416 vo-

189 428 258 459 lunt
275 429 397 467 Cularo,
412 439 481 469 quae
503 435 545 459 est
562 428 785 466 Gratianopolis,
800 428 889 459 hodie
906 429 1070 459 Gwzoble:

188 482 264 511 quos
292 473 368 502 bene
397 471 531 512 sequitur
560 471 706 502 Graevius.
744 470 912 511 Vulgatam
937 471 1070 502 defendit

188 513 316 555 Dionys.
330 514 510 555 Salvagnius
524 514 680 544 Boessius:
697 513 748 543 sed
760 514 786 543 ei
801 513 953 554 rezpondjt
965 514 1069 545 Valeo.

187 557 273 587 notit.
297 557 378 587 Gall.
397 568 426 598 p.
447 558 526 593 165;
551 564 579 587 et
593 564 695 598 postea
704 555 843 596 pluribus
858 563 888 587 et
901 558 1067 587 accuratius

186 600 350 630 Bimardus
375 599 412 630 de
435 600 600 640 originibus
616 600 883 635 Cularonensibus,
899 600 931 629 in
956 599 1065 631 Mura-

185 643 253 673 torii
268 642 362 673 Thes.
378 653 447 673 nov.
464 642 559 674 Inscr.
577 643 616 672 T.
637 647 663 673 1.

230 685 359 723 Clarius,
375 685 427 715 Br.
448 688 501 723 51,
517 697 535 716 a
553 686 652 720 Claro,
663 686 738 716 urbe
753 685 1021 726 Colophoniorum.

231 728 416 766 Clastidium,
433 728 526 759 Tusc-
537 727 600 766 Qu.
612 727 672 767 IV,
685 732 739 767 22,
750 729 832 759 vicus
849 728 958 759 Gauiae
969 727 1065 759 Cisal-

203 771 271 801 inae.

181 782 201 812 p
228 814 325 844 Clater
314 825 376 851 rna,
391 813 430 844 ad
444 813 516 844 Div.
530 812 610 851 XII,
627 815 659 851 5,
678 814 826 855 oppidum
841 813 1041 854 Lingonum
1032 824 1064 844 m

183 856 284 887 Gallia
299 856 481 898 Cispadana,
494 858 584 896 juxta
598 866 720 887 amnem
732 857 866 896 ejusdem
881 857 1021 887 nominis.

226 900 416 938 Clazomenae,
433 900 527 930 Tusc.
540 899 568 937 1,
585 900 638 935 43,
655 900 726 930 urbs
743 900 846 930 16niae.

227 943 420 981 Cliterninns,
439 942 477 973 ad
497 942 570 972 Div.
594 941 657 980 IX,
680 945 732 981 22,
748 953 766 973 a
783 943 924 980 Cliterno,
941 943 1060 984 AEquo-

180 995 248 1016 rum
263 985 384 1027 oppido.

227 1029 353 1063 Cnidus,
365 1039 420 1069 pro
435 1028 472 1059 L.
485 1028 596 1059 Manil.
615 1028 665 1066 12,
676 1029 749 1058 urbs
764 1027 873 1067 Cariae,
890 1028 972 1059 unde
989 1029 1062 1060 Cni-

178 1072 258 1109 dius,
274 1071 305 1101 in
320 1072 408 1102 Verr.
427 1071 469 1109 V,
490 1072 542 1107 60,
559 1072 615 1101 &c-

223 1115 334 1151 Cnosii,
348 1126 369 1144 s.
383 1115 509 1151 Gnossz'i,
522 1114 559 1144 de
574 1113 670 1155 Legg.
682 1113 710 1151 I,
721 1116 752 1150 5,
763 1113 868 1145 incolae
879 1113 962 1145 urbis
975 1115 1064 1145 Cnosi

176 1157 224 1187 vel
241 1158 355 1195 Gaas-31⁶,
370 1157 402 1187 in
418 1155 518 1187 Cret'ai„

222 1200 440 1234 Cobiomachus,
464 1209 519 1240 pro
545 1199 634 1230 Font.
654 1201 684 1237 5,
706 1199 789 1230 vicus
814 1199 956 1240 ignobilis
981 1200 1059 1231 inter

176 1241 321 1272 Tolosam
337 1248 365 1273 et
381 1243 569 1273 Narbonem.

221 1286 359 1325 Cocytus,
375 1286 412 1316 de
428 1285 502 1315 Nat.
519 1284 560 1314 D.
578 1283 642 1321 III,
662 1285 712 1323 17,
728 1285 839 1315 fluvius
855 1295 903 1325 ap.
915 1284 1036 1317 inferos.

218 1328 425 1358 Coelimmztana
441 1333 536 1366 parta,
550 1328 583 1357 in
606 1328 707 1358 Pison.
723 1328 777 1365 23,
794 1328 934 1358 Romana
958 1335 1056 1369 porta,

172 1370 251 1401 dicta
263 1381 281 1401 a
299 1372 389 1402 Coelio
402 1376 516 1407 monte,
532 1370 563 1400 in
579 1372 665 1409 cujus
680 1370 756 1401 clivo
771 1377 843 1401 erat.

219 1413 342 1449 Colchis,
358 1414 440 1454 regio
455 1412 493 1444 ad
508 1413 580 1443 litus
600 1413 742 1444 orientale
758 1413 848 1444 Ponti
870 1413 988 1444 Euxini
1003 1422 1056 1444 no-

172 1456 298 1493 tissima,
315 1458 401 1496 cujus
416 1456 520 1496 populi
539 1456 651 1487 Colchi.

217 1499 356 1536 Collatia,
378 1500 486 1539 Agrar.
503 1498 550 1537 II,
566 1500 619 1536 35,
645 1498 792 1540 oppidum
808 1498 890 1529 Latii
905 1508 965 1529 non
985 1508 1055 1540 pro—

167 1541 217 1571 cul
233 1542 270 1572 ab
286 1543 361 1572 urbe
376 1542 488 1572 Roma.

215 1584 372 1622 Colophon,
389 1585 462 1614 urbs
478 1583 573 1615 Io'niae
587 1584 728 1615 celebris:
753 1584 835 1615 unde
853 1584 1030 1622 Colophonii.

213 1628 369 1661 farnensis,
386 1627 423 1656 ad
437 1627 500 1657 Att.
511 1628 553 1661 V,
572 1628 622 1663 ll,
636 1637 654 1657 a
666 1628 764 1664 Cama,
780 1637 803 1658 s.
820 1625 987 1664 Not-omma,
1003 1636 1052 1658 co-

166 1669 246 1700 lania
257 1669 477 1710 Transpadana
492 1670 600 1700 Galliae
612 1670 782 1711 Cisalpinae.
