1137 1848
289 75 439 107 INDEX
463 74 754 107 HISTORICUS.
885 77 949 107 353

495 163 527 192 S.

106 248 246 285 Sabazia,
271 247 313 278 N.
334 247 376 279 D.
392 247 456 288 111,
483 251 534 279 23.
557 258 639 279 sacra
662 248 788 286 Bacchi,
813 248 867 289 qui
890 248 953 290 ipse

63 292 208 323 Sabazius
223 290 340 321 dicitur.

108 336 270 372 Sabazius,
288 334 325 364 de
337 334 413 375 Leg.
430 334 476 373 II,
499 338 547 366 15.
561 345 630 365 eum
646 334 868 375 Aristophanes
887 333 955 374 ejici

64 378 142 415 vult,
155 384 315 417 tamquam
330 379 524 418 peregrinum
540 379 654 409 Deum.

107 422 148 451 L.
171 421 332 458 sabellius,
349 421 439 451 Brut.
457 425 508 452 34.
528 432 545 451 a
568 421 607 451 L.
632 419 803 457 Caesuleno,
829 430 867 450 ex
890 420 957 461 lege

63 463 207 505 Aquini&
218 463 256 493 de
270 463 394 503 injurii,
411 471 578 495 accusatur.

106 507 260 543 Sabidius,
284 506 374 537 Petit.
402 506 494 538 Cons.
512 512 541 538 2.
565 507 657 537 homo
678 507 834 543 obscurus,
862 516 955 547 quem

62 550 240 591 competitor
256 549 297 586 Q.
313 549 467 581 Ciceronis
484 551 515 580 in
530 549 662 592 praeturiz
677 549 715 579 ad
731 549 849 579 tabulas
865 560 957 589 posu-

62 599 137 630 erat,
154 603 224 623 cum
241 592 335 623 alium
351 593 485 623 amicum
496 594 658 624 honestum
671 602 730 623 non
741 592 874 622 haberet.
899 593 956 622 Sa-

61 635 145 666 bidia
160 641 202 666 est
215 636 305 665 etiam
321 647 369 676 ap.
389 636 530 666 Donium
546 637 578 666 in
598 636 700 676 lapide
715 636 745 672 I,
764 637 837 666 164.
855 640 884 665 et
900 635 957 665 Sa-

61 678 162 708 bidius
177 679 209 708 in
223 678 412 710 Gruterianis
428 680 579 720 lapidibus
595 689 656 709 non
669 688 758 709 unus.

106 723 269 758 Sabinius,
293 722 454 760 Reatinus,
472 725 555 753 Sext.
577 722 629 757 37.
658 732 695 752 ex
718 721 816 762 operis
833 721 957 753 Clodia-

62 764 121 801 nis,
136 775 154 794 a
169 764 281 805 quibus
298 766 334 795 P.
351 766 473 795 Sextius
488 776 575 806 paene
590 765 764 795 interfectus
779 771 832 794 est.

110 809 146 838 C.
163 809 323 845 Sacerdos,
341 819 356 838 e
372 808 508 839 Liciniis.
532 809 619 839 Verr.
635 807 681 845 ΙΙ,
709 810 758 837 10.
782 813 893 847 praetor
908 806 956 837 Si-

64 850 140 881 ciliae
155 856 225 881 ante
242 851 379 881 Verrem.
404 852 510 882 Plane.
528 855 575 882 ll.
594 852 712 891 legatus
728 850 768 888 Q.
787 850 909 880 Meteffi
924 849 955 879 in

62 893 164 924 Cretfi.
196 894 397 924 Consulatum
419 895 506 935 petiit
531 905 601 925 cum
625 893 779 924 Cicerone.
804 893 876 923 Vid.
893 892 956 922 As-

65 946 130 967 con.
147 947 270 977 argum.
282 947 324 967 or.
342 937 373 967 in
390 937 419 967 T
421 948 468 978 og.
485 937 583 968 Cand.
607 937 656 967 De
673 938 738 975 ejus
760 936 893 977 praeturiz
904 945 956 965 ur-

61 979 143 1010 ban&
158 985 187 1009 et
202 980 361 1017 Siciliensi,
378 981 477 1011 multa
493 987 563 1012 sunt
576 981 607 1010 in
623 980 650 1010 V
653 979 768 1010 errinis.

106 1024 238 1060 sadala,
255 1023 344 1053 Verr.
360 1023 406 1061 II,
432 1026 482 1053 24.
509 1034 563 1054 rex
585 1022 736 1053 Thraciae.
758 1021 813 1052 Ad
839 1031 910 1051 eum
936 1031 954 1051 a

65 1064 124 1096 Cn.
140 1065 304 1096 Dolabella}
318 1067 450 1097 mittitur
464 1066 502 1098 C.
521 1067 642 1098 Verres.

105 1109 258 1148 Szy‘z’nius,
278 1108 401 1140 Cluent.
419 1111 472 1140 25.
487 1110 659 1140 Atellanus.

103 1154 226 1189 Salaco,
243 1152 281 1182 ad
297 1152 369 1183 Div.
386 1153 467 1190 VII,
485 1155 536 1183 24.
561 1162 672 1182 nomen
692 1150 825 1181 hominis
851 1151 953 1190 cujus-

59 1194 131 1225 dam
146 1195 178 1225 in
194 1201 372 1236 paupertate
388 1197 531 1236 superbi:
556 1195 638 1226 unde
652 1195 683 1225 h.
698 1194 719 1224 l.
742 1194 953 1233 Hermogenes

60 1237 210 1278 Tigellius
223 1239 332 1268 Salaco
348 1238 468 1269 dicitur.

105 1281 143 1317 Q.
162 1282 317 1320 Salassus,
338 1281 376 1311 ad
392 1282 465 1312 Div.
488 1281 548 1321 IV,
568 1283 619 1311 18.
644 1280 680 1310 Ρ.
701 1278 801 1309 Curtii
816 1278 919 1315 frater,
937 1289 953 1308 e

58 1328 149 1363 gente
179 1324 354 1363 Postumia,
376 1324 527 1364 siquidem
549 1332 712 1365 germanus
741 1321 840 1352 Curtii
861 1321 953 1352 frater

57 1366 126 1396 fuit.
152 1367 345 1398 Provinciam
360 1368 491 1398 obtinuit
510 1378 526 1398 e
541 1366 683 1408 praetura,
701 1365 742 1395 A.
756 1365 798 1395 U.
818 1365 891 1399 700.

101 1411 193 1447 Salii,
217 1410 254 1440 de
267 1410 340 1440 Div.
354 1409 380 1449 I,
398 1413 445 1443 17.
469 1410 635 1441 sacerdotes
648 1407 767 1438 Martis.
791 1408 830 1437 In
843 1417 950 1438 eorum

57 1453 142 1483 curia
154 1453 282 1483 Romuli
296 1452 391 1483 lituus
405 1453 547 1484 inventus
562 1458 606 1483 est
617 1452 743 1491 integer,
760 1460 831 1480 cum
846 1460 881 1480 ea
896 1450 950 1481 de-

58 1494 254 1536 flagravisset.
277 1496 331 1526 Ab
343 1495 469 1534 iis,Att.
481 1497 523 1535 V,
536 1499 566 1533 9
577 1495 686 1526 dicitur
694 1493 817 1524 Saliaris
826 1493 948 1532 modus,

58 1520 119 1568 deo
108 1538 250 1569 conviviis
265 1538 396 1579 opiparis
412 1545 441 1569 et
455 1538 633 1580 magnificis.

101 1582 272 1621 Salinator,
290 1582 344 1612 Or.
367 1581 413 1620 II,
431 1583 482 1618 67
498 1588 541 1613 est
558 1581 676 1629 Livius,
693 1579 748 1621 qui
762 1579 794 1610 in
807 1578 945 1618 censura,

58 1624 99 1654 A.
127 1625 168 1655 U.
196 1626 270 1664 549,
300 1625 358 1655 hoc
384 1635 552 1666 cognomen
581 1624 698 1665 primus
726 1622 849 1663 accepit.
876 1622 947 1653 Liv.

55 1667 187 1707 XXIX,
203 1668 255 1703 37.
273 1668 407 1698 Tarento
419 1668 541 1706 amisso,
553 1667 633 1698 bello
650 1666 770 1697 Punico
784 1665 830 1703 ΙΙ,
845 1675 945 1696 arcem

54 1710 187 1741 retinuit.
211 1711 280 1742 Liv.
294 1709 444 1749 XXVII,
459 1714 510 1742 25.
524 1713 565 1745 (v.
581 1710 764 1749 ianvz‘us.)
780 1710 872 1741 Brut.
891 1710 940 1740 18.

56 1753 181 1785 Senensi
195 1754 300 1796 proelio
312 1754 401 1787 ludos
416 1754 438 1785 J
441 1754 580 1787 uventutr
595 1759 696 1827 voget.
710 1797 730 1826 3

668 1806 694 1828 H
