1122 1868
148 64 207 91 128
362 58 511 90 INDEX
534 58 821 91 HISTORICUS.

143 144 294 187 perfectus
307 144 477 187 Epicureus
486 146 591 183 evasit,
604 151 634 176 et
641 155 727 186 paene
737 145 862 175 Graecus
873 143 944 175 fuit.
957 143 1040 176 Ora·

145 189 242 219 tiones
257 189 387 229 reliquit.
411 189 480 219 Fin.
494 189 522 226 Ι,
536 190 568 226 3,
585 187 718 218 Athenis
731 187 844 218 Graeeis
859 187 952 218 literis
966 197 1039 228 ope-

145 242 211 261 ram
232 231 303 268 dat3
329 232 468 263 Scaevolae
483 232 514 261 in
531 242 601 262 eum
620 232 717 270 jocus,
743 230 830 261 Orat.
857 233 909 260 44.
944 231 1039 271 Apud

147 274 304 304 Lucilium
325 275 554 315 reprehenditur
569 275 700 304 nimium
716 273 851 304 studium
866 273 897 303 in
913 273 1042 304 colloca-

146 317 227 347 tione
248 319 417 347 verborum.
444 317 515 347 Div.
536 319 585 353 19,
602 324 711 358 praetor
727 316 884 347 Sardiniae.
913 315 951 346 In
967 326 1040 346 eum

148 360 369 390 accusationem
396 360 521 401 suscipit
545 360 602 390 Cn.
629 359 794 400 Pompeius
825 360 934 390 Strabo
957 369 1042 400 quae-

150 409 233 438 δῖοι-ς
258 413 356 443 neque
381 403 407 433 ei
433 403 637 443 permittitur:
663 403 695 432 in
719 402 781 432 Pis.
810 402 864 439 38,
884 401 974 433 Offic.
992 401 1041 441 ΙΙ,

153 447 200 476 14.
226 444 263 475 In
282 446 419 476 Sardinia
433 447 497 486 ipse
512 446 690 487 triumphat.
715 445 806 475 Prov.
822 445 852 482 7,
869 455 885 474 e
900 444 1041 476 Sardinia

148 488 342 529 triumphum
358 490 443 529 petit,
460 488 514 529 qui
530 489 556 518 ei
571 495 707 529 negatur.
742 488 832 518 Brut.
857 489 910 525 26,
936 488 975 518 de
994 498 1042 518 re-

147 532 290 571 petundis
310 538 466 562 accusatur
480 543 498 561 a
514 531 618 561 Mutio
638 541 764 571 augure.
799 531 892 561 Tusc.
917 530 960 568 V,
985 531 1040 569 37,

149 574 280 604 Athenis
301 585 388 615 aequo
409 575 511 604 auimo
537 575 623 604 exsul
648 573 889 614 philosophatur.
918 573 1042 604 Memo-

150 623 234 647 ratur
250 617 341 647 etiam
357 617 394 647 de
410 618 497 648 Orat.
516 616 562 653 ΙΙ,
580 618 632 653 70,
648 617 680 646 it.
700 615 764 653 ΙΙΙ,
781 617 832 646 43.

196 660 332 698 Alcceus,
354 660 392 690 de
408 661 450 690 N.
468 660 509 689 D.
528 659 555 697 Ι,
573 661 626 698 537,
643 659 808 690 delectatur
822 669 908 689 naevo
922 657 954 689 in
969 659 1044 690 arti-

152 703 221 733 culo
236 703 332 743 pueri.
359 703 452 733 Tusc.
471 702 531 741 IV,
549 703 603 741 33,
616 702 661 732 vir
676 701 772 739 fortis,
788 707 891 732 tamen
907 701 944 732 de
959 712 1044 733 amo-

152 746 237 775 ribus
254 746 365 776 scribit.

196 789 380 825 Alcamenes,
397 788 434 818 de
447 789 489 819 N.
502 788 545 818 D.
562 787 590 826 I,
606 791 661 823 30,
678 787 851 826 statuarius,
865 787 951 826 cujus
963 788 1044 819 Vul-

153 841 246 861 canus
272 829 404 861 Athenis
425 831 616 861 laudabatur.
640 831 682 861 V.
708 830 778 860 val.
800 830 849 860 M.
874 829 973 868 VIII,
993 831 1043 862 ll.

154 874 243 904 Vixit
260 874 378 904 Phidiae
402 874 598 914 temporibus.
632 873 737 914 Opera
760 874 837 912 ejus,
865 883 934 914 quae
959 874 1042 914 apud

153 922 266 947 veteres
283 923 572 952 commemorantur,
592 922 751 947 enumerat
765 916 787 946 J
791 916 881 946 unius
895 916 927 946 in
943 916 1042 947 Catal.

156 959 266 989 Pictor.
285 966 314 989 et
330 961 461 991 statuar.
477 960 509 990 in
525 960 638 1000 quibus
649 959 798 999 imprimis
814 959 922 989 nobilis
936 959 1045 990 Venus

156 1002 317 1033 Hortensis
331 1014 338 1032 :
363 1004 449 1042 cujus
464 1002 578 1032 mentio
589 1013 637 1043 ap.
649 1002 777 1032 Lucian.
793 1002 824 1031 in
842 1001 961 1042 Imagg.
976 1001 1044 1032 init.

200 1046 374 1083 Alcibiades,
402 1046 458 1076 Or.
477 1045 524 1082 ΙΙ,
552 1047 602 1075 22.
636 1045 753 1085 Scripta
775 1045 840 1083 ejus
864 1044 1045 1076 exstiterunt

156 1088 309 1118 Ciceronis
331 1089 527 1128 temporibus.
551 1088 589 1118 (le
610 1088 684 1117 Div.
705 1086 752 1124 II,
769 1088 821 1126 69,
845 1088 911 1126 ejus
931 1087 1045 1117 somni-

156 1141 221 1160 um.
246 1131 339 1162 Tusc.
362 1130 427 1169 ΙΙΙ,
443 1133 497 1167 32,
522 1131 614 1161 Flens
628 1131 782 1162 Socratem
805 1136 902 1171 rogat,
926 1135 963 1159 ut
988 1130 1045 1161 sibi

156 1173 301 1204 virtutem
317 1174 424 1204 tradat.

201 1217 387 1254 Alcidamas,
403 1217 496 1247 Tusc.
514 1216 542 1253 Ι,
559 1217 612 1254 48,
637 1216 736 1246 rhetor
751 1216 895 1256 antiquus
911 1222 940 1246 et
960 1215 1046 1246 nobi-

156 1259 206 1296 lis,
228 1259 344 1300 scripsit
369 1259 575 1290 laudationem
598 1259 712 1289 mortis.
745 1258 903 1289 Bentleius
926 1259 1047 1299 corrigit

160 1303 330 1332 Alcidamas
342 1314 353 1338 „-
378 1303 461 1343 quod
476 1309 554 1332 recte
568 1304 676 1343 probat
692 1302 856 1338 Buherius,
880 1302 922 1332 sic
942 1302 1046 1332 rescri-

157 1345 293 1375 bendum
303 1345 479 1375 existimans
494 1345 586 1375 etiam
601 1356 649 1385 ap.
666 1344 797 1382 Quintil.
815 1344 883 1383 111,
907 1345 933 1374 l.
957 1344 1045 1375 Adde

159 1388 309 1418 Ursinum
325 1394 353 1418 et
370 1388 474 1419 Davis.
489 1388 528 1418 ad
541 1388 604 1419 Cic.
623 1389 644 1418 1.
661 1398 687 1418 c·

202 1430 363 1465 Alcmoeon,
380 1431 474 1462 Tusc.
491 1430 556 1467 III,
573 1433 605 1468 5,
629 1431 760 1461 furiosus
775 1429 826 1461 fit:
853 1430 889 1468 is,
906 1430 958 1471 qui
977 1440 1047 1471 par-

160 1473 300 1503 ricidium
316 1474 396 1511 fecit,
413 1480 448 1504 ut
463 1480 508 1504 est
521 1474 552 1504 in
567 1473 690 1504 fabulis.

209 1517 369 1553 Alcmoemz,
386 1517 485 1547 Acad.
503 1517 550 1554 ΙΙ,
566 1518 614 1552 17,
624 1515 820 1547 Crotoniates.
837 1515 879 1546 N.
895 1514 937 1546 D.
949 1514 977 1552 I,
993 1516 1044 1554 ll,

163 1558 394 1599 Pythagoricus,
407 1559 555 1590 sideribus
570 1565 600 1590 et
614 1559 716 1590 animo
731 1559 920 1589 divinitatem
929 1559 1046 1589 tribuit.

161 1601 211 1631 De
223 1611 257 1631 eo
273 1608 301 1632 et
316 1602 433 1642 scriptis
447 1603 523 1641 ejus,
548 1602 608 1632 vid.
625 1602 752 1642 Menag.
773 1602 812 1632 ad
828 1601 929 1632 Lae'rt.
945 1601 1046 1641 VIII,

206 1687 342 1725 Aledius,
363 1699 386 1717 s.
405 1688 546 1723 Alledius,
561 1689 630 1719 Att.
647 1688 730 1726 XII,
745 1689 776 1726 4,
793 1688 846 1722 24,
863 1688 913 1723 27,
929 1687 1044 1718 amicus

160 1730 287 1761 Caesaris
303 1737 332 1761 et
348 1730 454 1761 Attici.
479 1731 544 1761 Alii
559 1737 680 1772 putant,
692 1732 854 1770 Caesarem,
865 1729 1045 1761 Tunstallus
