1137 1848
245 53 393 83 INDEX
417 52 784 83 GEOGRAPHICUS.
924 52 963 85 79

73 138 176 179 inqua
192 138 356 179 Pompeius
377 139 456 169 bello
479 139 603 179 piratico
627 148 774 176 magnum
799 147 961 167 numerum

71 182 239 222 piratarum
254 182 413 218 locaverat,
430 188 475 219 ut,
493 182 636 222 quoniam
652 192 686 211 ea
698 182 769 211 urbs
786 180 963 210 mediterra-

73 234 130 254 nea
145 230 233 262 esset,
249 234 267 253 a
280 224 393 264 rapinis
409 224 568 254 maritimis
584 224 838 254 abstraherentur.

118 267 349 307 Dyrrhachium,
371 267 495 297 celebris
518 269 591 297 urbs
613 267 645 296 in
663 266 796 306 Illyrico,
812 265 851 295 ad
867 275 960 302 mare,

74 309 155 339 unde
169 309 201 339 in
218 309 341 340 Italiam
356 310 496 348 trajectus
512 317 583 340 erat.

502 395 541 425 E.

119 481 282 516 Ecbatana,
307 481 345 510 L.
365 480 478 512 Manil.
503 485 536 519 4,
557 481 663 511 Meriiae
689 486 790 521 caput,
810 479 891 521 quod
906 479 962 508 Ti-

72 534 180 565 granes
195 534 248 554 rex
264 523 419 554 Armeniae
439 526 567 555 tenebat.
604 524 743 554 Armenii
762 523 843 553 enim
860 522 962 552 Medis

74 567 190 607 aliquot
204 566 371 607 provincias
394 566 574 607 eripuerant,
592 574 682 608 atque
705 577 775 597 cum
799 566 846 596 his
871 565 959 595 etiam

74 610 242 646 Ecbatana,
266 609 357 640 totius
384 609 498 640 Mediae
522 616 621 650 caput.
647 610 686 639 V.
713 612 813 639 Graev.
838 608 877 638 ad
891 608 924 637 h.
941 608 961 637 l.

75 652 181 682 Multa
196 652 233 682 de
243 652 299 682 hac
315 653 389 682 urbe
398 653 477 683 lectu
490 652 582 693 digna
591 653 681 683 habet
693 653 835 682 Bochart.
850 651 961 690 Geogr.

76 695 107 725 S.
121 695 156 724 P.
169 695 195 725 I.
208 695 246 724 L.
263 694 328 731 III,
349 698 399 731 14,
416 696 480 732 ubi,
497 696 574 725 inter
589 696 658 732 alia,
670 695 766 733 docet,
783 703 893 724 nomen
908 693 963 722 ha-

75 739 146 767 bere
161 748 178 767 a
193 737 451 768 diversicoloribus
466 738 566 779 pinnis
579 745 694 779 septem
708 747 878 774 murorum,
895 735 963 776 qui-

76 781 133 810 bus
148 780 244 810 cincta
258 780 326 810 fuit.

120 823 166 852 Ed
170 825 235 860 issa,
251 823 283 852 in
296 822 384 853 Verr.
401 824 453 853 lib.
471 823 531 861 VI,
543 827 595 859 34,
612 825 684 854 urbs
695 823 803 854 Siciliae
813 832 883 852 cum
893 832 958 862 por-

75 872 121 903 tu,
139 866 225 904 cujus
248 876 338 895 nemo
362 872 469 906 praeter
485 867 659 897 Ciceronem
681 866 866 896 mentionem
881 864 960 894 fecit.

75 909 135 939 Sed
151 908 310 938 Cluverius
330 919 370 938 ex
385 910 555 948 conjectura
574 909 658 949 legit,
676 908 814 938 Graevius
829 913 929 937 autem
946 918 962 937 e

75 951 172 981 Codd.
188 951 282 981 MSS.
300 951 406 981 Franc.
424 958 453 981 et
470 953 547 992 Reg.
571 952 712 988 restituit,
737 952 875 990 Odyssea,
893 961 962 990 quae

75 995 148 1024 urbs
158 993 216 1023 fuit
224 993 263 1023 ad
272 994 511 1034 promontorium
519 994 692 1035 Odysseum
703 1000 769 1034 post
781 993 959 1032 Pachynum

74 1036 107 1066 in
123 1036 246 1066 australi
267 1037 368 1067 latere.
400 1037 459 1067 Sed
481 1037 661 1073 Bochartus,
686 1037 795 1076 Geogr.
813 1036 843 1065 S.
862 1035 899 1065 P.
917 1033 961 1064 II.

75 1079 114 1109 L.
132 1078 160 1117 I,
177 1089 202 1109 c.
219 1081 272 1116 29,
289 1079 428 1117 ostendit,
448 1080 578 1110 Edissam
598 1090 662 1109 esse
683 1078 860 1108 Phoenicum
883 1078 962 1108 colo-

77 1122 172 1159 niam,
188 1121 280 1162 idque
294 1131 405 1152 nomen
417 1134 435 1153 a
447 1123 560 1153 Graecis
575 1128 728 1152 mutatum
744 1121 775 1150 in
794 1121 959 1160 ofzysifflm,

76 1173 136 1194 non
152 1163 389 1205 intelligentibus
404 1166 466 1196 iim
482 1165 622 1201 nominis,
639 1164 720 1205 quod
736 1164 837 1193 locum
855 1164 963 1203 myrtis

76 1207 265 1247 frequentem
285 1208 442 1247 significat,
458 1215 487 1239 et
500 1207 688 1249 putantibus,
711 1207 748 1236 ab
770 1206 879 1246 Ulysse
901 1206 962 1236 die»

79 1254 153 1286 tam,
166 1249 219 1290 qui
234 1260 327 1290 prope
338 1261 405 1280 eam
422 1251 558 1282 Hecubae
573 1249 786 1290 cenotaphium
801 1249 903 1279 erexit.

123 1293 214 1322 Edui.
229 1292 270 1323 V.
286 1294 392 1323 AEalui.

122 1335 257 1375 Egggfvzcr,
284 1345 323 1365 sc.
351 1336 465 1373 civitas,
491 1337 522 1366 in
552 1336 636 1366 Verr.
663 1335 722 1371 IV,
745 1338 797 1371 453,
812 1335 892 1364 male
907 1345 962 1375 pro

78 1377 213 1418 Engyna,
238 1377 320 1418 quod
349 1378 426 1409 vide.
467 1379 515 1409 Cf.
540 1380 662 1410 Cluver.
694 1378 752 1408 Sic.
778 1378 887 1418 Antiq.
915 1376 960 1414 II,

122 1464 247 1500 Eleusis,
265 1474 287 1493 s.
305 1464 441 1499 Elemin,
456 1464 493 1494 de
516 1464 590 1494 Nat.
607 1463 698 1493 Deor.
716 1462 744 1501 I,
765 1465 817 1501 42,
834 1463 873 1492 ad
893 1463 959 1492 Att.

79 1505 140 1545 VI,
161 1509 188 1543 l,
204 1506 351 1546 oppidum
377 1507 486 1537 Atticae
510 1507 669 1547 Megaram
693 1516 806 1544 versus,
828 1505 866 1535 ad
887 1505 961 1535 dex-

79 1554 158 1578 tram
169 1549 267 1588 ripam
281 1548 416 1589 Cephisi,
424 1549 651 1580 celeberrimum
662 1550 766 1584 initiis,
777 1559 802 1578 s.
813 1549 961 1588 mysteriis.

80 1591 155 1620 Nat.
172 1590 213 1620 D.
231 1590 258 1629 Ι,
275 1595 326 1621 42.
358 1592 443 1622 Libri
459 1592 584 1632 quidam
600 1592 699 1632 scripti
719 1597 749 1622 et
766 1591 833 1621 edd.
849 1590 961 1621 habent

83 1633 259 1671 Eleusinum,
276 1640 311 1664 ut
325 1634 356 1663 in
371 1635 437 1664 aliis
452 1640 587 1664 veterum
602 1635 780 1675 scriptorum
794 1633 886 1663 locis:
910 1633 961 1663 sed

78 1686 146 1706 eam
157 1677 397 1708 terminationem
410 1677 560 1708 Ciceronis
570 1688 632 1708 aevo
641 1678 705 1716 jam
718 1677 858 1707 usitatam
872 1676 963 1706 fuisse

78 1718 185 1749 merito
199 1719 317 1750 dubitat
334 1719 487 1751 Drakenb.
504 1720 542 1751 ad
559 1720 626 1751 Liv.
640 1720 769 1755 XXXI,
784 1721 833 1749 25.
