1137 1848
271 77 419 111 INDEX
444 78 845 110 GRAECO-LATINUS.
940 79 1004 110 475

111 170 361 239 Χῗῦπινωμευαι,
385 166 476 196 nitide
500 170 526 195 el
552 166 697 206 eleganter
716 166 845 204 scriptae,
869 164 908 195 ad
927 164 999 194 Att.

201 231 211 246 υ
227 210 256 244 7-

157 256 371 290 nem-aquam,
394 252 478 281 docte
492 257 518 281 ει
536 251 685 290 perpolite,
708 250 747 281 ad
763 251 828 281 Att.
846 250 923 289 XV,
951 253 999 281 16.

113 293 184 324 Vid.
198 297 324 328 Eumirsc.

157 342 376 376 Πεπλογραζια,
400 338 479 377 pepli
505 338 668 374 descriptlb,
692 337 729 367 ad
747 339 812 367 Att.
835 336 932 373 XVI,
954 340 1004 367 ll.

116 384 329 418 Πεπλογρχφια
358 380 500 410 Varronis
523 387 567 410 est
588 380 664 409 liber
687 381 762 418 ejus,
787 390 847 421 quo
870 380 1005 410 virorum

100 429 102 431 '
114 422 281 452 illustrium
295 423 400 452 laudes
411 423 614 463 descripserat.
637 422 834 453 Occasionem
848 423 937 453 titulo
951 422 1005 453 de-

103 465 161 495 rdit
175 475 242 495 mos
257 471 345 495 notus
362 465 608 502 Atheniensium,
624 465 751 506 peplum
768 466 918 496 Minervae
933 475 1004 496 con-

116 508 262 543 secrandi,
286 508 319 538 in
341 519 413 548 quo,
437 515 545 549 praeter
565 508 659 548 ipsius
686 518 731 538 res
757 508 873 538 sortiter
896 514 1005 549 gestas,

117 551 209 581 etiam
225 551 358 581 virorum
383 551 507 581 fortium
528 561 583 581 acu
602 550 691 591 pictae
709 558 816 587 essent,
833 551 1007 581 auctoribus

119 593 334 634 Aristophane,
348 593 452 629 Suida,
466 600 495 624 et
510 594 585 624 aliis.
607 594 720 623 Praeter
735 594 923 634 interpretes,
940 594 1009 624 vide

120 636 271 677 imprimis
287 637 461 667 Meursium
481 637 512 666 in
535 636 777 674 Panathena·1·cis,
800 647 825 667 e.
844 637 898 672 17:
924 646 1009 674 nam,

119 679 152 709 in
167 679 225 716 his,
242 679 368 720 peplum
383 679 458 709 illud
479 679 668 709 deferebatur
687 679 718 708 in
735 680 885 710 Minervae
901 679 1007 709 aedem.

119 722 235 752 Utrum
250 733 319 752 vero
334 723 410 752 liber
426 722 571 752 Varronis
592 722 648 752 hoc
663 722 727 762 ipso
743 723 832 753 titulo
848 722 1007 759 exstiterit,

118 765 254 805 adeoque
262 765 397 795 diversus
407 766 444 795 sit
456 776 474 795 a
483 765 560 795 libro
573 768 595 783 ‘⁴
604 766 641 794 H
640 765 864 803 ebdonmdum,”
876 765 929 805 qui
940 765 1012 795 doc-

119 815 220 838 torum
231 807 364 838 virorum
374 808 520 848 imagines
531 808 712 844 continebat,
727 809 769 849 (v.
781 809 869 838 Voss.
881 808 918 837 de
927 808 1010 837 Hist.

122 852 193 882 Lat.
209 851 236 887 I,
260 854 310 887 12)
333 861 436 889 necne,
458 851 490 880 id
505 851 587 891 quod
604 851 731 890 Popmae
754 851 903 891 placebat,
926 850 1010 880 haud

123 894 318 935 improbabili
333 895 515 932 conjectori-2,
530 903 610 924 nunc
625 903 684 923 non
704 894 827 924 definire
839 893 917 923 licet.
942 894 1012 923 Ari-

123 938 242 968 stoteles
252 937 344 967 etiam
357 940 377 954 ‘⁴
386 939 421 967 Ρ.
429 937 531 975 plum''
542 936 692 976 inscripsit
700 937 850 971 libellum,
859 937 912 977 qui
920 936 1015 976 epita-

124 980 198 1021 phia
211 980 338 1010 heroum
353 980 536 1017 continebat,
552 981 599 1019 cuj
605 991 639 1010 us
651 979 855 1019 fragmentum
872 990 890 1009 a
903 980 1015 1009 cante-

125 1034 170 1061 ro,
187 1023 282 1053 Basil.
302 1024 394 1061 1564,
411 1023 442 1052 in
459 1023 490 1059 4,
506 1023 642 1063 primum
657 1023 773 1052 editum
791 1023 948 1052 habemus.
978 1021 1016 1051 In

125 1066 183 1096 hoc
204 1066 295 1106 peplo
321 1066 412 1096 etiam
435 1065 623 1105 genealogias
647 1065 880 1097 Homericorum
904 1064 1016 1105 princi-

126 1119 203 1148 pum
221 1109 312 1139 fuisse
327 1109 412 1139 docet
428 1110 576 1139 Canterus
592 1109 623 1138 in
638 1108 822 1150 praefatione.
848 1107 937 1139 Conf.
955 1107 1016 1137 Fa-

129 1152 216 1182 bricii
231 1151 378 1182 Biblioth.
396 1153 493 1181 Graec.
511 1152 532 1180 l.
550 1150 616 1189 III,
640 1163 665 1182 c.
682 1154 711 1182 ὕ.
737 1150 808 1181 Vol.
825 1150 871 1189 II,
892 1161 922 1191 p.
946 1153 1018 1180 160.

130 1205 213 1236 seqq.

176 1244 244 1275 Περι
258 1238 389 1275 &um-rw,
405 1240 442 1268 de
458 1239 508 1275 iis,
526 1249 593 1278 quae
603 1239 832 1279 fieripossunt,
850 1248 872 1268 s.
897 1237 935 1266 de
945 1246 1019 1276 pos-

132 1281 280 1319 sibilibus,
297 1280 334 1310 ad
350 1281 423 1311 Div.
440 1280 503 1319 IX,-
519 1286 548 1312 4.
565 1282 632 1312 Fat.
652 1284 681 1313 9.

176 1329 244 1363 Περι
258 1329 450 1353 κοιλιολυσιαν
460 1328 600 1363 ymen-3³11,
612 1327 647 1355 z'n
658 1326 724 1355 alvo
736 1322 879 1354 solvende
889 1333 1019 1363 occupa-

132 1372 200 1398 tum
209 1376 281 1402 esse,
292 1366 330 1396 ad
345 1369 414 1397 Att.
431 1367 475 1405 X,
496 1371 543 1398 13.

178 1415 245 1449 Περι
266 1421 356 1447 ,uz-apa
371 1408 550 1449 σπουδαζειιι,
563 1412 599 1440 in
611 1412 716 1450 parvis
734 1411 822 1441 rebus
833 1410 965 1439 mullum
974 1409 1021 1438 la-

131 1454 248 1489 borare,
265 1451 303 1481 ad
319 1453 384 1482 Att.
401 1451 501 1491 XIII,
518 1456 570 1483 21.

182 1494 318 1534 Περιοὸοι,
336 1508 350 1528 η
368 1507 494 1533 καμπαι,
509 1498 708 1535 ενὲυμηματα,
720 1510 734 1532 η
748 1507 939 1532 κατασκευαι,
952 1506 1022 1525 am-

133 1540 214 1570 bitus
235 1537 407 1576 verborum,
422 1544 478 1568 aut
481 1540 592 1580 flavus
616 1541 838 1575 clausularum,
854 1544 909 1567 aut
924 1549 1019 1577 argu-

134 1588 240 1613 menta
255 1582 423 1617 rhetorum,
440 1587 491 1611 aut
508 1584 763 1623 corfirmatc'ones,
786 1581 825 1612 ad
839 1583 908 1611 Att.
926 1580 953 1619 I,
972 1584 1021 1611 14.

137 1624 262 1664 Περιοὸοι
287 1635 356 1664 quae
371 1624 441 1661 sint,
457 1624 554 1655 dicere
568 1625 645 1655 DIhil
660 1627 784 1656 attinet:
810 1635 923 1661 καμπαι
949 1630 1020 1654 sunt

138 1670 230 1702 (recte
246 1667 414 1707 explicante
439 1667 472 1697 J.
501 1668 538 1698 F.
564 1668 729 1706 Gronovio)
753 1666 908 1703 clausulae,
924 1667 1024 1696 flexus

138 1710 244 1740 molles
266 1709 408 1739 orationis
431 1711 469 1740 ab
490 1711 552 1741 unz}
575 1717 660 1751 parte
674 1712 705 1741 in
721 1711 824 1748 aliam,
851 1709 963 1750 quibus
978 1709 1023 1739 uti

136 1753 206 1783 licet
220 1753 250 1782 in
273 1762 381 1792 genere
404 1753 586 1790 επιέεικτικῳ
603 1754 712 1795 magis,
734 1755 764 1785 in
789 1752 954 1787 laudandn,
970 1751 1038 1782 ubi.
