1137 1848
0 1602 1 1620 ι

0 1693 3 1728 1

0 1735 5 1848 ἱ

304 68 453 100 INDEX
477 66 762 99 HISTORICUS.
916 66 975 96 143

93 155 218 186 mirifice
238 155 388 185 laudatur.
412 155 501 185 Brut.
521 154 572 183 42.
593 160 715 193 paratus
739 153 769 182 in
799 152 927 192 agendo,
951 158 980 182 et

91 200 167 229 celer
181 199 212 228 in
224 197 441 239 respondendo.
457 197 495 227 de
507 195 598 226 Offic.
612 195 677 234 III,
691 196 740 226 14.
764 196 852 225 Tuh't
864 195 980 225 formu-

91 242 136 272 las
149 242 185 271 de
200 241 269 271 dolo
284 241 374 271 malo.
399 240 507 278 Quint.
525 239 553 276 I,
571 240 626 269 διο.
644 249 722 279 saepe
738 238 921 268 nominatur.
939 238 978 268 ad

90 285 157 315 Att.
170 284 199 320 I,
214 285 240 314 l.
255 294 314 314 non
331 284 397 313 vult
413 294 491 313 cons.
510 289 610 323 petere
624 288 745 322 propter
761 281 977 318 valetudinem,

93 334 123 358 et
138 337 265 367 regnum
276 327 427 365 judiciale.
444 326 473 356 T
475 336 524 366 op.
536 327 564 360 7.
575 325 727 366 quomodo
737 326 811 354 litus
822 324 979 354 definierit.

137 371 269 400 ,Παπίας
281 371 453 410 Aquillius,
470 369 581 408 Agrar.
603 367 649 405 ΙΙ,
669 369 721 398 30.
740 368 820 397 bello
835 367 979 404 fugitivo-

94 424 174 451 rum,
197 413 328 443 liberalis
346 413 377 442 in
400 412 533 442 civitates
557 412 676 442 Siciliae.
698 411 730 440 in
746 411 832 441 Verr.
850 409 909 445 IV,
928 411 979 440 54.

95 457 236 487 Procons.
252 456 371 486 Siciliae.
385 456 438 485 ΒΥ.
454 456 505 485 (52.
526 454 563 485 de
579 454 668 485 Offic.
687 453 733 490 II,
754 457 802 484 14.
824 458 981 483 accusatur

41 501 43 504 ’
94 500 255 540 diligenter
269 510 287 529 a
303 499 340 529 L.
358 498 457 529 Fufio.
473 509 502 538 p.
520 498 545 527 F
548 498 619 528 laec.
637 499 688 527 38.
705 496 871 527 absolvitur
887 506 980 536 prop-

95 549 140 574 ter
155 542 333 572 memoriam
343 542 415 572 belh
431 551 500 572 cum
511 540 656 580 fugitivis.
670 541 701 570 in
713 540 813 570 Caecil.
826 543 876 570 21.
894 550 982 569 accu-

95 592 179 616 satur
194 597 212 616 a
228 586 264 615 P.
282 585 426 622 Lentulo,
447 583 582 624 principe
601 586 728 614 senatus.
753 583 840 613 Orat.
861 582 909 619 II,
931 583 983 611 45.

97 639 168 659 eum
187 628 321 659 defendit
336 627 490 658 Antonius
511 633 621 657 orator.
644 627 737 656 Tusc.
758 625 800 663 V,
824 627 854 655 5.
871 624 985 655 crudeli

97 677 194 702 morte
206 671 303 712 periit.
327 671 384 701 Est
399 671 480 701 enim
493 680 510 699 a
525 669 716 706 Mithridate,
733 679 807 699 auro
821 668 986 709 liquefacto

97 715 127 745 in
144 725 176 745 os
191 714 302 750 infuso,
325 720 456 744 necatus.
481 712 633 743 Caeterum
651 713 733 742 hunc
748 712 925 752 Aquillium
940 710 985 740 al-

98 758 190 788 terius
207 757 255 787 Μ’
274 757 414 797 Aquillii,
439 755 492 796 qui
512 766 530 785 a
551 755 587 785 P.
605 756 737 786 Lentulo
753 760 908 785 accusatus
929 759 984 790 est,

99 801 198 831 filium
211 806 298 840 putat
314 799 475 830 Manutius
487 798 525 829 ad
535 798 608 828 Div.
621 799 653 828 in
669 798 771 828 Caeeil.
787 808 811 828 c.
827 801 878 828 21.
902 796 986 827 Mihi

101 854 161 874 non
176 843 281 884 liquet.

144 887 316 925 Aquinius,
333 886 426 916 Tusc.
441 885 483 921 V,
500 886 551 914 ⁶22.
568 884 667 915 malus
682 887 782 925 po'e'ta,
799 883 852 924 qui
868 882 958 913 etiam
970 891 989 911 a

103 929 228 960 Catullo
237 935 369 966 notatur,
383 939 430 968 ep.
448 931 494 958 14.

147 973 278 1009 Aratus,
295 973 368 1002 Nat.
388 971 429 1001 D.
450 970 496 1008 II,
511 973 562 1001 41.
578 971 643 1009 ejus
661 969 795 1000 carmina
814 980 832 999 a
846 968 990 999 Cicerone

104 1015 270 1046 admodum
285 1015 505 1045 adolescentulo
522 1019 745 1043 convertuntur.
764 1012 801 1042 de
817 1012 874 1042 Or.
893 1011 922 1050 Ι,
942 1012 990 1042 16.

106 1058 203 1089 Acad.
218 1059 278 1094 IV,
292 1059 343 1087 20.

148 1102 269 1131 Aratus
285 1100 454 1141 Sicyonius,
471 1099 561 1130 Offic.
583 1099 628 1134 ΙΙ,
646 1100 698 1129 23.
714 1098 866 1128 laudatur.
893 1096 994 1127 Patri-

105 1155 155 1174 am
171 1155 189 1175 a
203 1150 333 1184 tyranno
348 1153 523 1183 oppressam
538 1142 655 1173 liberat.
686 1141 745 1171 Est
759 1148 862 1171 auctor
877 1140 995 1170 foederis

107 1187 247 1223 Achaici,
264 1188 350 1225 cujus
367 1186 460 1216 vitam
475 1185 644 1216 luculenter
660 1184 777 1225 scripsit
788 1183 991 1214 Plutarchus:

108 1230 176 1260 add.
195 1230 302 1270 Polyb.
319 1229 372 1259 lib.
390 1229 436 1259 II.

150 1273 340 1310 Arbuscula,
364 1271 403 1302 ad
419 1272 485 1301 Att.
508 1270 568 1310 IV,
594 1274 641 1302 18.
671 1270 784 1308 Mima,
809 1269 846 1300 de
869 1268 931 1310 quir
951 1273 994 1299 est

107 1315 190 1356 apud
206 1316 315 1345 Horat.

153 1359 319 1394 Arcesilas,
341 1358 378 1388 de
393 1358 448 1389 Or.
466 1357 531 1395 ΙΙΙ,
557 1360 604 1388 18.
629 1355 802 1386 Polemonis
817 1354 994 1395 discipulus.

110 1401 136 1431 F
138 1402 179 1432 in.
196 1401 238 1439 V,
256 1405 307 1432 31.
334 1400 481 1441 Podagrae
500 1400 616 1430 dolores
631 1399 746 1429 fortiter
765 1398 831 1428 fert.
849 1397 947 1428 Acad.
965 1397 994 1434 I,

111 1448 161 1476 13.
185 1450 277 1484 negat
301 1443 470 1484 quidquam
488 1443 555 1474 sciri
572 1452 670 1483 posse,
695 1441 773 1472 illud
794 1441 895 1482 ipsum
913 1439 995 1481 quod

111 1488 245 1518 Socrates
259 1487 429 1527 reliquerat.
461 1486 541 1516 Cum
559 1486 681 1516 Zenone
696 1490 798 1515 certat.
820 1483 918 1514 Acad.
932 1482 994 1520 IV,

111 1531 163 1561 24.
189 1530 319 1560 Zenonis
334 1536 364 1559 et
378 1529 523 1559 Arcesilae
537 1527 701 1569 disputatio
716 1527 747 1557 in
763 1537 823 1567 quo
838 1532 981 1557 vertatur.

153 1574 382 1612 Archagathus,
400 1571 601 1610 Haluntinus,
618 1571 650 1600 in
662 1570 750 1600 Verr.
766 1569 809 1608 V,
822 1571 873 1599 22.

153 1617 267 1653 Arche,
280 1616 351 1646 Nat.
368 1615 408 1645 D.
427 1613 492 1653 III,
506 1618 556 1645 21.
581 1613 677 1644 Musa
687 1623 725 1643 ex
734 1612 840 1654 primis
852 1617 994 1653 quatuor,

110 1659 189 1690 natis
203 1659 282 1689 Jove
296 1659 398 1688 altero.

154 1703 338 1736 Archelaus,
356 1701 428 1732 Div.
445 1700 493 1740 ΙΙ,
509 1702 560 1731 4‘2.
577 1709 716 1732 summus
731 1698 898 1739 astrologus
920 1704 998 1728 tem-

114 1755 187 1785 pore
202 1745 343 1776 Panaetii.
