1122 1868
142 47 200 78 106
310 47 457 80 INDEX
482 49 733 82 GEOGRAPH
739 50 851 82 ICUS.

182 133 290 173 Rosia,
300 134 347 164 vel
360 136 471 173 Rosea,
484 136 522 166 ad
534 136 603 167 Att.
620 136 680 173 IV,
700 138 750 175 15,
763 142 834 168 sunt
848 136 947 178 campi
962 135 1021 167 fer-

137 174 267 206 tih'ssimi
282 177 346 217 agri
366 178 500 216 Reatini,
522 179 599 210 forte
613 180 658 209 illi
678 180 747 220 ipsi,
770 179 824 221 qui
839 179 870 210 in
883 179 940 210 hac
953 179 1021 220 ips&

137 218 264 258 epistola
274 224 373 256 Τεμπη
400 222 599 252 Reatinorum
622 228 775 253 vocantur.
798 223 839 253 V.
863 223 953 253 Varr-
978 222 1020 252 R.

138 261 179 290 R.
197 261 225 298 Ι,
242 263 273 300 7,
293 262 342 299 10,
359 270 388 293 et
403 263 445 294 ibi
459 264 588 306 interpp.
612 265 776 296 Heinsium
794 271 823 296 et
849 266 1020 296 Burmann.

138 303 177 333 ad
193 303 279 344 Virg.
294 305 366 334 AEn.
380 306 460 343 VII,
477 308 549 342 712.

182 348 315 385 Rudini,
331 347 368 378 de
383 348 469 379 Orat.
488 349 553 388 ΙΙΙ,
570 352 622 387 42,
638 351 743 381 incolae
757 350 862 392 oppidi
883 351 915 380 in
931 350 1021 380 Cala-

140 389 206 419 bria
221 390 404 421 Rudiarum.
428 393 488 423 Pro
504 393 596 424 Arch.
614 395 662 430 10,
681 395 805 424 Radius
823 399 875 423 est.
897 393 957 424 Sed
971 393 1022 422 hic

140 442 261 473 quoque
269 433 350 464 Ant.
365 434 558 475 Augustinus
569 443 598 467 et
606 437 737 467 Ursinus
748 436 869 467 rescribi
883 436 1024 466 volebant

142 476 298 506 Rudinus.
321 476 478 508 Ausonius
493 489 613 520 quoque
628 479 766 509 Ennium
788 480 950 509 Rudinum
967 489 1023 518 ap-

141 518 276 558 pellavit,
290 529 350 549 non
366 520 518 552 Badium.
553 522 632 553 Item
648 533 695 563 ap.
713 522 738 552 F
741 523 850 553 rontin.
863 522 900 552 de
916 521 1022 552 Colon.

145 571 175 601 p.
195 561 267 600 127,
287 561 436 593 Rudinus.

567 652 597 681 S.

184 732 306 771 Sabini,
321 735 452 775 populus
468 735 560 766 Latii.

185 776 284 806 Sacra
300 777 361 815 via,
378 777 416 808 ad
430 778 499 808 Att.
520 778 582 817 IV,
599 780 631 817 3,
654 778 702 809 via
716 777 799 808 urbis
818 778 938 815 Romae,
955 788 1024 818 quae

140 827 251 848 nomen
265 818 356 850 habet
368 831 386 850 a
397 820 515 857 foedere,
529 821 610 863 quod
625 822 656 852 in
671 821 707 852 εὲι
721 821 800 851 inter
815 821 985 851 Romulum
995 827 1023 851 et

142 861 268 891 Tatium
284 861 378 893 ictum
390 870 443 894 est.

186 905 300 943 Sagra,
317 905 354 935 de
366 906 440 936 Nat.
456 907 498 937 D.
515 907 563 945 II,
579 910 610 945 2,
632 907 742 937 fluvius
757 905 962 944 Bruttiorum,
978 904 1024 935 in-

142 952 185 977 ter
198 946 309 978 Locros
325 954 354 978 et
370 948 539 980 Caulonem
554 951 585 980 in
602 949 719 990 Magn&
735 949 861 979 Graecifi.

184 990 369 1030 Saguntum,
390 993 462 1023 urbs
484 993 643 1034 Hispaniae
664 991 919 1028 Tarraconensis3
943 989 1024 1021 unde

141 1034 318 1071 Saguntini.

183 1077 291 1113 Sa'itoe,
304 1076 341 1107 de
353 1077 426 1108 Nat.
438 1077 530 1108 Deor.
539 1076 605 1117 ΠΙ,
617 1079 669 1115 23,
683 1088 700 1108 a
713 1079 784 1115 Sa’z',
794 1078 869 1107 urbe
882 1074 1023 1115 AEgypti,

139 1124 168 1149 et
184 1118 306 1158 quidem
321 1120 352 1149 in
366 1120 467 1150 Delta.

184 1162 328 1199 Salamis,
344 1162 381 1192 de
393 1163 455 1193 Off.
473 1163 502 1200 Ι,
516 1165 566 1199 18,
583 1173 645 1192 una
655 1172 692 1192 ex
708 1162 812 1193 insulis
827 1160 940 1191 Graecis
950 1160 1026 1191 circa

141 1204 394 1244 Peloponnesum,
411 1205 520 1235 nobilis
534 1205 617 1236 clade
632 1205 754 1235 Xerxis.

183 1247 326 1282 Salamis,
341 1247 379 1278 ad
394 1248 461 1278 Att.
477 1248 538 1286 VI,
559 1251 587 1285 1,
608 1249 680 1278 urbs
700 1247 803 1289 Cypri.
827 1247 918 1278 Unde
938 1247 1026 1277 Sala-

142 1290 241 1325 minii,
257 1290 372 1320 adAtt.
386 1290 428 1329 V,
444 1291 497 1329 21,
513 1301 568 1331 pro
581 1290 677 1321 Arch.
694 1291 723 1320 8.

185 1333 467 1374 Salapz'ni,Agra1-.
493 1333 540 1372 II,
568 1334 621 1371 27,
644 1333 749 1364 incolae
773 1333 877 1375 oppidi
899 1332 1026 1373 Apuliae

143 1376 290 1414 Salapiae.

182 1419 321 1457 Salaria,
337 1418 374 1449 de
397 1419 471 1449 Nat.
497 1418 539 1449 D.
560 1418 628 1456 III,
645 1421 676 1457 5,
692 1419 741 1449 via
764 1428 783 1448 a
803 1417 891 1458 port&
905 1415 1027 1448 Collina

140 1460 172 1490 in
188 1461 327 1498 Sabinos,
344 1472 362 1492 a
373 1462 434 1491 sale
449 1461 528 1493 dicta
542 1472 595 1503 per
610 1472 676 1492 eam
692 1462 826 1492 Romam
837 1459 968 1491 devecto.

183 1504 350 1541 Salentini,
370 1504 459 1535 Rosc.
475 1506 582 1535 Amer.
595 1506 649 1543 46,
667 1504 773 1535 incolae
793 1502 897 1544 oppidi
915 1504 1026 1534 Salen-

139 1547 204 1583 tiae,
220 1546 252 1576 in
271 1547 422 1577 Calabria„

183 1590 363 1628 Salernum,
380 1589 515 1620 Herenn.
536 1589 596 1628 IV,
613 1590 666 1630 51,
690 1589 838 1631 oppidum
854 1588 1026 1620 Picentino-

138 1641 219 1671 rum,
236 1642 307 1673 pop.
325 1632 358 1661 in
379 1631 498 1673 Magn&⁴
514 1633 641 1664 Graeeifi.

182 1675 414 1712 Samarobrivae,
431 1675 469 1705 ad
485 1675 556 1707 Div.
573 1676 654 1714 VII,
675 1678 725 1713 11,
748 1674 896 1716 oppidum
914 1673 1024 1704 Galliae

140 1717 273 1759 Belgicae
287 1719 318 1748 in
334 1717 506 1748 Ambianis.
