<?xml version="1.0" encoding="UTF-8"?>
<!DOCTYPE html PUBLIC "-//W3C//DTD XHTML 1.0 Transitional//EN"
    "http://www.w3.org/TR/xhtml1/DTD/xhtml1-transitional.dtd">
<html xmlns="http://www.w3.org/1999/xhtml" xml:lang="en" lang="en">
 <head>
  <title>
</title>
<meta http-equiv="Content-Type" content="text/html;charset=utf-8" />
  <meta name='ocr-system' content='tesseract 3.04.00' />
  <meta name='ocr-capabilities' content='ocr_page ocr_carea ocr_par ocr_line ocrx_word'/>
</head>
<body>
  <div class='ocr_page' id='page_1' title='image "./operaern12ciceuoft_0061.png"; bbox 0 0 1137 1848; ppageno 0'>
   <div class='ocr_carea' id='block_1_1' title="bbox 343 46 964 79">
    <p class='ocr_par' dir='ltr' id='par_1_1' title="bbox 343 46 964 79">
     <span class='ocr_line' id='line_1_1' title="bbox 343 46 964 79; baseline 0 -1"><span class='ocrx_word' id='word_1_1' title='bbox 343 46 494 79; x_wconf 89' lang='lat' dir='ltr'>INDEX</span> <span class='ocrx_word' id='word_1_2' title='bbox 517 46 691 78; x_wconf 88' lang='lat' dir='ltr'><strong>LEGUM.</strong></span> <span class='ocrx_word' id='word_1_3' title='bbox 922 47 964 78; x_wconf 75' lang='lat'>49</span> 
     </span>
    </p>
   </div>
   <div class='ocr_carea' id='block_1_2' title="bbox 67 132 963 1762">
    <p class='ocr_par' dir='ltr' id='par_1_2' title="bbox 72 132 963 261">
     <span class='ocr_line' id='line_1_2' title="bbox 75 132 963 175; baseline -0.002 -10"><span class='ocrx_word' id='word_1_4' title='bbox 75 140 211 166; x_wconf 75' lang='lat' dir='ltr'>tiatorem</span> <span class='ocrx_word' id='word_1_5' title='bbox 230 143 316 164; x_wconf 89' lang='lat' dir='ltr'>reum</span> <span class='ocrx_word' id='word_1_6' title='bbox 336 132 463 171; x_wconf 84' lang='lat' dir='ltr'><strong>fecisset,</strong></span> <span class='ocrx_word' id='word_1_7' title='bbox 486 133 572 175; x_wconf 89' lang='lat' dir='ltr'>isque</span> <span class='ocrx_word' id='word_1_8' title='bbox 594 132 810 164; x_wconf 86' lang='lat' dir='ltr'>condemnatus</span> <span class='ocrx_word' id='word_1_9' title='bbox 832 138 918 169; x_wconf 81' lang='lat' dir='ltr'>esset,</span> <span class='ocrx_word' id='word_1_10' title='bbox 935 133 963 163; x_wconf 82' lang='lat' dir='ltr'>ei</span> 
     </span>
     <span class='ocr_line' id='line_1_3' title="bbox 74 176 961 217; baseline -0.003 -8"><span class='ocrx_word' id='word_1_11' title='bbox 74 185 109 209; x_wconf 88' lang='lat' dir='ltr'>ut</span> <span class='ocrx_word' id='word_1_12' title='bbox 123 177 249 208; x_wconf 83' lang='lat' dir='ltr'>civitatis</span> <span class='ocrx_word' id='word_1_13' title='bbox 261 178 312 217; x_wconf 89' lang='lat' dir='ltr'>jus</span> <span class='ocrx_word' id='word_1_14' title='bbox 326 177 518 214; x_wconf 75' lang='lat' dir='ltr'>tribueretur,</span> <span class='ocrx_word' id='word_1_15' title='bbox 534 186 666 217; x_wconf 88' lang='lat' dir='ltr'>eumque</span> <span class='ocrx_word' id='word_1_16' title='bbox 674 176 753 206; x_wconf 88' lang='lat' dir='ltr'>inter</span> <span class='ocrx_word' id='word_1_17' title='bbox 766 176 844 206; x_wconf 84' lang='lat' dir='ltr'>cives</span> <span class='ocrx_word' id='word_1_18' title='bbox 858 176 961 206; x_wconf 85' lang='lat' dir='ltr'>locum</span> 
     </span>
     <span class='ocr_line' id='line_1_4' title="bbox 72 219 798 261; baseline -0.003 -10"><span class='ocrx_word' id='word_1_19' title='bbox 72 222 97 252; x_wconf 90' lang='lat' dir='ltr'>is</span> <span class='ocrx_word' id='word_1_20' title='bbox 112 225 279 261; x_wconf 82' lang='lat' dir='ltr'>occuparet,</span> <span class='ocrx_word' id='word_1_21' title='bbox 296 230 389 261; x_wconf 88' lang='lat' dir='ltr'>quem</span> <span class='ocrx_word' id='word_1_22' title='bbox 404 219 619 250; x_wconf 84' lang='lat' dir='ltr'>condemnatus</span> <span class='ocrx_word' id='word_1_23' title='bbox 633 219 798 249; x_wconf 86' lang='lat' dir='ltr'>habuisset.</span> 
     </span>
    </p>

    <p class='ocr_par' dir='ltr' id='par_1_3' title="bbox 67 263 960 1374">
     <span class='ocr_line' id='line_1_5' title="bbox 115 263 958 302; baseline -0.001 -9"><span class='ocrx_word' id='word_1_24' title='bbox 115 265 236 293; x_wconf 73' lang='lat' dir='ltr'>Servilia</span> <span class='ocrx_word' id='word_1_25' title='bbox 266 263 302 297; x_wconf 82' lang='lat' dir='ltr'><strong>Q.</strong></span> <span class='ocrx_word' id='word_1_26' title='bbox 332 264 451 292; x_wconf 74' lang='lat' dir='ltr'>Servilii</span> <span class='ocrx_word' id='word_1_27' title='bbox 481 263 634 300; x_wconf 77' lang='lat' dir='ltr'>Caepionis,</span> <span class='ocrx_word' id='word_1_28' title='bbox 659 263 832 300; x_wconf 72' lang='lat' dir='ltr'>judiciaria,</span> <span class='ocrx_word' id='word_1_29' title='bbox 863 272 958 302; x_wconf 88' lang='lat' dir='ltr'>quam</span> 
     </span>
     <span class='ocr_line' id='line_1_6' title="bbox 75 303 958 347; baseline -0.002 -11"><span class='ocrx_word' id='word_1_30' title='bbox 75 306 168 337; x_wconf 72' lang='lat' dir='ltr'>suasit</span> <span class='ocrx_word' id='word_1_31' title='bbox 193 306 307 347; x_wconf 81' lang='lat' dir='ltr'>populo</span> <span class='ocrx_word' id='word_1_32' title='bbox 325 305 463 343; x_wconf 77' lang='lat' dir='ltr'>Crassus,</span> <span class='ocrx_word' id='word_1_33' title='bbox 492 306 595 338; x_wconf 86' lang='lat' dir='ltr'><strong>(Brut.</strong></span> <span class='ocrx_word' id='word_1_34' title='bbox 618 306 671 341; x_wconf 76' lang='lat'>43,</span> <span class='ocrx_word' id='word_1_35' title='bbox 699 305 761 340; x_wconf 67' lang='lat'>863</span> <span class='ocrx_word' id='word_1_36' title='bbox 786 304 905 335; x_wconf 87' lang='lat' dir='ltr'>Invent.</span> <span class='ocrx_word' id='word_1_37' title='bbox 928 303 958 342; x_wconf 99' lang='grc' dir='ltr'>Ι,</span> 
     </span>
     <span class='ocr_line' id='line_1_7' title="bbox 72 347 960 389; baseline -0.003 -9"><span class='ocrx_word' id='word_1_38' title='bbox 72 352 134 385; x_wconf 76' lang='grc' dir='ltr'>49ς</span> <span class='ocrx_word' id='word_1_39' title='bbox 158 349 195 379; x_wconf 89' lang='lat' dir='ltr'>de</span> <span class='ocrx_word' id='word_1_40' title='bbox 210 348 297 379; x_wconf 87' lang='lat' dir='ltr'><strong>Orat.</strong></span> <span class='ocrx_word' id='word_1_41' title='bbox 314 347 361 385; x_wconf 89' lang='lat' dir='ltr'>II,</span> <span class='ocrx_word' id='word_1_42' title='bbox 377 350 442 385; x_wconf 79' lang='lat'>553</span> <span class='ocrx_word' id='word_1_43' title='bbox 464 358 519 389; x_wconf 89' lang='lat' dir='ltr'>pro</span> <span class='ocrx_word' id='word_1_44' title='bbox 536 347 659 379; x_wconf 86' lang='lat' dir='ltr'>Cluent.</span> <span class='ocrx_word' id='word_1_45' title='bbox 678 349 730 385; x_wconf 79' lang='grc'>15)</span> <span class='ocrx_word' id='word_1_46' title='bbox 747 349 809 378; x_wconf 87' lang='lat' dir='ltr'>lata</span> <span class='ocrx_word' id='word_1_47' title='bbox 825 349 863 378; x_wconf 88' lang='lat' dir='ltr'>ab</span> <span class='ocrx_word' id='word_1_48' title='bbox 878 358 912 378; x_wconf 92' lang='lat' dir='ltr'>eo</span> <span class='ocrx_word' id='word_1_49' title='bbox 928 348 960 377; x_wconf 92' lang='lat' dir='ltr'>in</span> 
     </span>
     <span class='ocr_line' id='line_1_8' title="bbox 72 391 958 431; baseline -0.003 -8"><span class='ocrx_word' id='word_1_50' title='bbox 72 392 241 430; x_wconf 78' lang='lat' dir='ltr'>consulatu,</span> <span class='ocrx_word' id='word_1_51' title='bbox 257 392 299 422; x_wconf 92' lang='lat' dir='ltr'>A.</span> <span class='ocrx_word' id='word_1_52' title='bbox 311 392 351 422; x_wconf 93' lang='lat' dir='ltr'>U.</span> <span class='ocrx_word' id='word_1_53' title='bbox 365 392 438 426; x_wconf 81' lang='lat'><strong>647.</strong></span> <span class='ocrx_word' id='word_1_54' title='bbox 462 391 570 422; x_wconf 78' lang='lat' dir='ltr'>Sanxit</span> <span class='ocrx_word' id='word_1_55' title='bbox 585 391 676 427; x_wconf 85' lang='lat' dir='ltr'>enim,</span> <span class='ocrx_word' id='word_1_56' title='bbox 689 397 724 421; x_wconf 89' lang='lat' dir='ltr'>ut</span> <span class='ocrx_word' id='word_1_57' title='bbox 735 391 860 430; x_wconf 84' lang='lat' dir='ltr'>judicia,</span> <span class='ocrx_word' id='word_1_58' title='bbox 878 401 958 431; x_wconf 79' lang='lat' dir='ltr'>quae,</span> 
     </span>
     <span class='ocr_line' id='line_1_9' title="bbox 71 433 959 474; baseline -0.002 -9"><span class='ocrx_word' id='word_1_59' title='bbox 71 434 174 466; x_wconf 85' lang='lat' dir='ltr'>XVII</span> <span class='ocrx_word' id='word_1_60' title='bbox 186 434 272 464; x_wconf 82' lang='lat' dir='ltr'>annis</span> <span class='ocrx_word' id='word_1_61' title='bbox 287 440 367 472; x_wconf 89' lang='lat' dir='ltr'>ante,</span> <span class='ocrx_word' id='word_1_62' title='bbox 383 435 450 474; x_wconf 87' lang='lat' dir='ltr'>lege</span> <span class='ocrx_word' id='word_1_63' title='bbox 466 433 644 473; x_wconf 73' lang='lat' dir='ltr'>Semprmu&#39;c&#39;r&#39;,</span> <span class='ocrx_word' id='word_1_64' title='bbox 661 445 679 464; x_wconf 90' lang='lat' dir='ltr'>a</span> <span class='ocrx_word' id='word_1_65' title='bbox 694 439 800 464; x_wconf 85' lang='lat' dir='ltr'>senatu</span> <span class='ocrx_word' id='word_1_66' title='bbox 816 434 854 464; x_wconf 89' lang='lat' dir='ltr'>ad</span> <span class='ocrx_word' id='word_1_67' title='bbox 870 434 959 474; x_wconf 91' lang='lat' dir='ltr'>equi-</span> 
     </span>
     <span class='ocr_line' id='line_1_10' title="bbox 71 476 957 518; baseline -0.002 -10"><span class='ocrx_word' id='word_1_68' title='bbox 71 484 115 508; x_wconf 87' lang='lat' dir='ltr'>tes</span> <span class='ocrx_word' id='word_1_69' title='bbox 131 478 274 508; x_wconf 82' lang='lat' dir='ltr'>translata</span> <span class='ocrx_word' id='word_1_70' title='bbox 285 483 393 514; x_wconf 87' lang='lat' dir='ltr'>essent,</span> <span class='ocrx_word' id='word_1_71' title='bbox 409 477 531 518; x_wconf 90' lang='lat' dir='ltr'>utrique</span> <span class='ocrx_word' id='word_1_72' title='bbox 546 477 646 507; x_wconf 86' lang='lat' dir='ltr'>ordini</span> <span class='ocrx_word' id='word_1_73' title='bbox 660 476 835 507; x_wconf 86' lang='lat' dir='ltr'>communia</span> <span class='ocrx_word' id='word_1_74' title='bbox 849 483 957 507; x_wconf 87' lang='lat' dir='ltr'><strong>essent.</strong></span> 
     </span>
     <span class='ocr_line' id='line_1_11' title="bbox 71 520 959 568; baseline -0.002 -17"><span class='ocrx_word' id='word_1_75' title='bbox 71 521 131 552; x_wconf 87' lang='lat' dir='ltr'>Sed</span> <span class='ocrx_word' id='word_1_76' title='bbox 158 530 224 551; x_wconf 87' lang='lat' dir='ltr'>eam</span> <span class='ocrx_word' id='word_1_77' title='bbox 250 520 348 560; x_wconf 84' lang='lat' dir='ltr'>legem</span> <span class='ocrx_word' id='word_1_78' title='bbox 370 525 423 550; x_wconf 84' lang='lat' dir='ltr'>aut</span> <span class='ocrx_word' id='word_1_79' title='bbox 445 530 506 550; x_wconf 90' lang='lat' dir='ltr'>non</span> <span class='ocrx_word' id='word_1_80' title='bbox 526 520 685 568; x_wconf 87' lang='lat' dir='ltr'>perlatam,</span> <span class='ocrx_word' id='word_1_81' title='bbox 708 526 761 550; x_wconf 91' lang='lat' dir='ltr'>aut</span> <span class='ocrx_word' id='word_1_82' title='bbox 781 520 873 560; x_wconf 88' lang='lat' dir='ltr'>paulo</span> <span class='ocrx_word' id='word_1_83' title='bbox 890 526 959 560; x_wconf 80' lang='lat' dir='ltr'>post</span> 
     </span>
     <span class='ocr_line' id='line_1_12' title="bbox 70 562 960 604; baseline -0.002 -10"><span class='ocrx_word' id='word_1_84' title='bbox 70 565 245 604; x_wconf 81' lang='lat' dir='ltr'>abrogatam</span> <span class='ocrx_word' id='word_1_85' title='bbox 260 562 363 600; x_wconf 81' lang='lat' dir='ltr'>fuisse,</span> <span class='ocrx_word' id='word_1_86' title='bbox 380 573 417 593; x_wconf 81' lang='lat' dir='ltr'>ex</span> <span class='ocrx_word' id='word_1_87' title='bbox 430 563 546 603; x_wconf 86' lang='lat' dir='ltr'>Sigonii</span> <span class='ocrx_word' id='word_1_88' title='bbox 561 563 718 599; x_wconf 83' lang='lat' dir='ltr'>sententia,</span> <span class='ocrx_word' id='word_1_89' title='bbox 730 563 800 593; x_wconf 87' lang='lat' dir='ltr'>inde</span> <span class='ocrx_word' id='word_1_90' title='bbox 814 562 960 603; x_wconf 89' lang='lat' dir='ltr'>intelligi-</span> 
     </span>
     <span class='ocr_line' id='line_1_13' title="bbox 71 605 960 647; baseline -0.001 -11"><span class='ocrx_word' id='word_1_91' title='bbox 71 612 130 643; x_wconf 85' lang='lat' dir='ltr'>tur,</span> <span class='ocrx_word' id='word_1_92' title='bbox 144 605 225 647; x_wconf 87' lang='lat' dir='ltr'>quod</span> <span class='ocrx_word' id='word_1_93' title='bbox 240 606 331 646; x_wconf 80' lang='lat' dir='ltr'>paulo</span> <span class='ocrx_word' id='word_1_94' title='bbox 346 612 413 646; x_wconf 87' lang='lat' dir='ltr'>post</span> <span class='ocrx_word' id='word_1_95' title='bbox 428 606 509 636; x_wconf 87' lang='lat' dir='ltr'>idem</span> <span class='ocrx_word' id='word_1_96' title='bbox 524 606 594 636; x_wconf 90' lang='lat' dir='ltr'>tulit</span> <span class='ocrx_word' id='word_1_97' title='bbox 607 606 655 636; x_wconf 89' lang='lat' dir='ltr'>M.</span> <span class='ocrx_word' id='word_1_98' title='bbox 668 606 775 636; x_wconf 89' lang='lat' dir='ltr'>Livius</span> <span class='ocrx_word' id='word_1_99' title='bbox 785 605 916 641; x_wconf 89' lang='lat' dir='ltr'><strong>Drusus</strong></span> <span class='ocrx_word' id='word_1_100' title='bbox 930 612 960 636; x_wconf 81' lang='lat' dir='ltr'>et</span> 
     </span>
     <span class='ocr_line' id='line_1_14' title="bbox 71 648 958 690; baseline -0.001 -11"><span class='ocrx_word' id='word_1_101' title='bbox 71 649 194 690; x_wconf 85' lang='lat' dir='ltr'>quidem</span> <span class='ocrx_word' id='word_1_102' title='bbox 219 648 380 679; x_wconf 80' lang='lat' dir='ltr'>incassum.</span> <span class='ocrx_word' id='word_1_103' title='bbox 402 648 483 679; x_wconf 86' lang='lat' dir='ltr'>Vide</span> <span class='ocrx_word' id='word_1_104' title='bbox 505 649 593 689; x_wconf 79' lang='lat' dir='ltr'>Leges</span> <span class='ocrx_word' id='word_1_105' title='bbox 614 650 726 679; x_wconf 76' lang='lat' dir='ltr'>Lizias.</span> <span class='ocrx_word' id='word_1_106' title='bbox 758 648 818 679; x_wconf 83' lang='lat' dir='ltr'>Sed</span> <span class='ocrx_word' id='word_1_107' title='bbox 841 648 958 678; x_wconf 85' lang='lat' dir='ltr'>certiori</span> 
     </span>
     <span class='ocr_line' id='line_1_15' title="bbox 73 691 957 732; baseline 0 -11"><span class='ocrx_word' id='word_1_108' title='bbox 73 697 251 732; x_wconf 86' lang='lat' dir='ltr'>argumento</span> <span class='ocrx_word' id='word_1_109' title='bbox 265 691 361 722; x_wconf 88' lang='lat' dir='ltr'>decidi</span> <span class='ocrx_word' id='word_1_110' title='bbox 377 702 411 722; x_wconf 89' lang='lat' dir='ltr'>ea</span> <span class='ocrx_word' id='word_1_111' title='bbox 424 702 471 721; x_wconf 87' lang='lat' dir='ltr'>res</span> <span class='ocrx_word' id='word_1_112' title='bbox 485 698 594 732; x_wconf 83' lang='lat' dir='ltr'>potest</span> <span class='ocrx_word' id='word_1_113' title='bbox 620 692 656 723; x_wconf 88' lang='lat' dir='ltr'><strong>C.</strong></span> <span class='ocrx_word' id='word_1_114' title='bbox 670 691 814 723; x_wconf 85' lang='lat' dir='ltr'>Servilius</span> <span class='ocrx_word' id='word_1_115' title='bbox 828 691 957 722; x_wconf 83' lang='lat' dir='ltr'>Glaucia</span> 
     </span>
     <span class='ocr_line' id='line_1_16' title="bbox 71 734 958 775; baseline 0.001 -11"><span class='ocrx_word' id='word_1_116' title='bbox 71 734 191 772; x_wconf 89' lang='lat' dir='ltr'>dicitur,</span> <span class='ocrx_word' id='word_1_117' title='bbox 208 745 256 775; x_wconf 89' lang='lat' dir='ltr'>ap.</span> <span class='ocrx_word' id='word_1_118' title='bbox 276 734 338 765; x_wconf 82' lang='lat' dir='ltr'>Cic.</span> <span class='ocrx_word' id='word_1_119' title='bbox 362 735 394 764; x_wconf 92' lang='lat' dir='ltr'>in</span> <span class='ocrx_word' id='word_1_120' title='bbox 416 735 526 772; x_wconf 86' lang='lat' dir='ltr'>Bruto,</span> <span class='ocrx_word' id='word_1_121' title='bbox 549 740 628 765; x_wconf 89' lang='lat' dir='ltr'>certo</span> <span class='ocrx_word' id='word_1_122' title='bbox 650 735 852 771; x_wconf 82' lang='lat' dir='ltr'>consulatum,</span> <span class='ocrx_word' id='word_1_123' title='bbox 877 744 958 765; x_wconf 89' lang='lat' dir='ltr'>anno</span> 
     </span>
     <span class='ocr_line' id='line_1_17' title="bbox 70 777 959 818; baseline -0.001 -10"><span class='ocrx_word' id='word_1_124' title='bbox 70 783 139 818; x_wconf 85' lang='lat' dir='ltr'>post</span> <span class='ocrx_word' id='word_1_125' title='bbox 153 783 328 818; x_wconf 84' lang='lat' dir='ltr'>praeturarn,</span> <span class='ocrx_word' id='word_1_126' title='bbox 347 777 443 818; x_wconf 89' lang='lat' dir='ltr'>(quod</span> <span class='ocrx_word' id='word_1_127' title='bbox 457 778 524 817; x_wconf 85' lang='lat' dir='ltr'>lege</span> <span class='ocrx_word' id='word_1_128' title='bbox 538 783 693 818; x_wconf 81' lang='lat' dir='ltr'>rogaverat</span> <span class='ocrx_word' id='word_1_129' title='bbox 708 778 775 808; x_wconf 90' lang='lat' dir='ltr'>trib.</span> <span class='ocrx_word' id='word_1_130' title='bbox 796 777 838 818; x_wconf 82' lang='lat' dir='ltr'>pL</span> <span class='ocrx_word' id='word_1_131' title='bbox 853 778 959 808; x_wconf 83' lang='lat' dir='ltr'>Satur-</span> 
     </span>
     <span class='ocr_line' id='line_1_18' title="bbox 71 820 957 858; baseline 0.001 -8"><span class='ocrx_word' id='word_1_132' title='bbox 71 820 173 858; x_wconf 85' lang='lat' dir='ltr'>ninus,</span> <span class='ocrx_word' id='word_1_133' title='bbox 182 820 225 850; x_wconf 92' lang='lat' dir='ltr'>A.</span> <span class='ocrx_word' id='word_1_134' title='bbox 234 820 274 850; x_wconf 95' lang='lat' dir='ltr'><strong>U.</strong></span> <span class='ocrx_word' id='word_1_135' title='bbox 285 820 361 857; x_wconf 83' lang='lat'>653)</span> <span class='ocrx_word' id='word_1_136' title='bbox 374 826 586 850; x_wconf 86' lang='lat' dir='ltr'>consecuturus</span> <span class='ocrx_word' id='word_1_137' title='bbox 597 820 699 858; x_wconf 75' lang='lat' dir='ltr'>fuisse,</span> <span class='ocrx_word' id='word_1_138' title='bbox 710 820 767 850; x_wconf 87' lang='lat' dir='ltr'>nisi</span> <span class='ocrx_word' id='word_1_139' title='bbox 782 820 957 851; x_wconf 84' lang='lat' dir='ltr'>interfectus</span> 
     </span>
     <span class='ocr_line' id='line_1_19' title="bbox 72 862 957 903; baseline 0.001 -11"><span class='ocrx_word' id='word_1_140' title='bbox 72 869 157 901; x_wconf 85' lang='lat' dir='ltr'>esset,</span> <span class='ocrx_word' id='word_1_141' title='bbox 179 862 262 903; x_wconf 92' lang='lat' dir='ltr'>quod</span> <span class='ocrx_word' id='word_1_142' title='bbox 285 869 454 903; x_wconf 85' lang='lat' dir='ltr'>equestrem</span> <span class='ocrx_word' id='word_1_143' title='bbox 476 863 612 892; x_wconf 83' lang='lat' dir='ltr'>ordinem</span> <span class='ocrx_word' id='word_1_144' title='bbox 636 863 780 893; x_wconf 84' lang='lat' dir='ltr'>beneficio</span> <span class='ocrx_word' id='word_1_145' title='bbox 804 863 879 903; x_wconf 86' lang='lat' dir='ltr'>legis</span> <span class='ocrx_word' id='word_1_146' title='bbox 903 864 957 893; x_wconf 86' lang='lat' dir='ltr'>ob-</span> 
     </span>
     <span class='ocr_line' id='line_1_20' title="bbox 70 904 956 946; baseline 0 -11"><span class='ocrx_word' id='word_1_147' title='bbox 70 906 246 936; x_wconf 81' lang='lat' dir='ltr'><strong>strinxisset.</strong></span> <span class='ocrx_word' id='word_1_148' title='bbox 269 905 343 943; x_wconf 91' lang='lat' dir='ltr'>Qua</span> <span class='ocrx_word' id='word_1_149' title='bbox 360 911 462 936; x_wconf 89' lang='lat' dir='ltr'>autem</span> <span class='ocrx_word' id='word_1_150' title='bbox 483 904 541 935; x_wconf 88' lang='lat' dir='ltr'>alia</span> <span class='ocrx_word' id='word_1_151' title='bbox 558 906 668 946; x_wconf 83' lang='lat' dir='ltr'>potuit,</span> <span class='ocrx_word' id='word_1_152' title='bbox 690 906 927 945; x_wconf 39' lang='lat' dir='ltr'>nisi-yudzciaria</span> <span class='ocrx_word' id='word_1_153' title='bbox 939 906 956 935; x_wconf 66' lang='lat'>:2</span> 
     </span>
     <span class='ocr_line' id='line_1_21' title="bbox 72 948 956 989; baseline 0 -11"><span class='ocrx_word' id='word_1_154' title='bbox 72 949 156 979; x_wconf 89' lang='lat' dir='ltr'>Nam</span> <span class='ocrx_word' id='word_1_155' title='bbox 166 949 309 985; x_wconf 54' lang='lat' dir='ltr'>aherafle</span> <span class='ocrx_word' id='word_1_156' title='bbox 315 949 494 987; x_wconf 74' lang='lat' dir='ltr'>repetundis,</span> <span class='ocrx_word' id='word_1_157' title='bbox 505 948 582 978; x_wconf 86' lang='lat' dir='ltr'>nihil</span> <span class='ocrx_word' id='word_1_158' title='bbox 591 949 629 978; x_wconf 85' lang='lat' dir='ltr'>ad</span> <span class='ocrx_word' id='word_1_159' title='bbox 639 949 798 979; x_wconf 86' lang='lat' dir='ltr'>commoda</span> <span class='ocrx_word' id='word_1_160' title='bbox 804 949 956 989; x_wconf 87' lang='lat' dir='ltr'>equitum,</span> 
     </span>
     <span class='ocr_line' id='line_1_22' title="bbox 70 991 957 1032; baseline 0.002 -12"><span class='ocrx_word' id='word_1_161' title='bbox 70 991 124 1032; x_wconf 90' lang='lat' dir='ltr'>qui</span> <span class='ocrx_word' id='word_1_162' title='bbox 138 991 194 1022; x_wconf 93' lang='lat' dir='ltr'>hoc</span> <span class='ocrx_word' id='word_1_163' title='bbox 209 1000 316 1031; x_wconf 87' lang='lat' dir='ltr'>genere</span> <span class='ocrx_word' id='word_1_164' title='bbox 330 991 435 1031; x_wconf 84' lang='lat' dir='ltr'>legum</span> <span class='ocrx_word' id='word_1_165' title='bbox 447 1001 507 1021; x_wconf 91' lang='lat' dir='ltr'>non</span> <span class='ocrx_word' id='word_1_166' title='bbox 520 992 709 1022; x_wconf 81' lang='lat' dir='ltr'>tenebantur.</span> <span class='ocrx_word' id='word_1_167' title='bbox 733 991 842 1032; x_wconf 87' lang='lat' dir='ltr'>Itaque</span> <span class='ocrx_word' id='word_1_168' title='bbox 856 992 957 1022; x_wconf 84' lang='lat' dir='ltr'>certis-</span> 
     </span>
     <span class='ocr_line' id='line_1_23' title="bbox 71 1034 956 1075; baseline 0.001 -11"><span class='ocrx_word' id='word_1_169' title='bbox 71 1034 185 1064; x_wconf 86' lang='lat' dir='ltr'>simum</span> <span class='ocrx_word' id='word_1_170' title='bbox 207 1039 293 1074; x_wconf 87' lang='lat' dir='ltr'>puto,</span> <span class='ocrx_word' id='word_1_171' title='bbox 314 1034 474 1065; x_wconf 80' lang='lat' dir='ltr'>Serviliam</span> <span class='ocrx_word' id='word_1_172' title='bbox 491 1034 641 1075; x_wconf 84' lang='lat' dir='ltr'>Caepionis</span> <span class='ocrx_word' id='word_1_173' title='bbox 668 1034 796 1065; x_wconf 71' lang='lat' dir='ltr'>Servilia</span> <span class='ocrx_word' id='word_1_174' title='bbox 818 1034 956 1065; x_wconf 84' lang='lat' dir='ltr'>Glauciae</span> 
     </span>
     <span class='ocr_line' id='line_1_24' title="bbox 69 1077 956 1117; baseline 0 -10"><span class='ocrx_word' id='word_1_175' title='bbox 69 1078 245 1117; x_wconf 85' lang='lat' dir='ltr'>abrogatam</span> <span class='ocrx_word' id='word_1_176' title='bbox 261 1086 344 1113; x_wconf 81' lang='lat' dir='ltr'>esse3</span> <span class='ocrx_word' id='word_1_177' title='bbox 368 1082 408 1114; x_wconf 84' lang='lat' dir='ltr'>et,</span> <span class='ocrx_word' id='word_1_178' title='bbox 427 1087 496 1117; x_wconf 90' lang='lat' dir='ltr'>quae</span> <span class='ocrx_word' id='word_1_179' title='bbox 517 1077 741 1107; x_wconf 86' lang='lat' dir='ltr'>communicata</span> <span class='ocrx_word' id='word_1_180' title='bbox 760 1087 830 1107; x_wconf 89' lang='lat' dir='ltr'>cum</span> <span class='ocrx_word' id='word_1_181' title='bbox 849 1084 956 1108; x_wconf 88' lang='lat' dir='ltr'>senatu</span> 
     </span>
     <span class='ocr_line' id='line_1_25' title="bbox 67 1119 955 1161; baseline 0 -11"><span class='ocrx_word' id='word_1_182' title='bbox 67 1120 182 1159; x_wconf 86' lang='lat' dir='ltr'>judicia</span> <span class='ocrx_word' id='word_1_183' title='bbox 196 1125 291 1156; x_wconf 84' lang='lat' dir='ltr'>erant,</span> <span class='ocrx_word' id='word_1_184' title='bbox 302 1130 337 1150; x_wconf 86' lang='lat' dir='ltr'>ea</span> <span class='ocrx_word' id='word_1_185' title='bbox 346 1119 415 1150; x_wconf 85' lang='lat' dir='ltr'>solis</span> <span class='ocrx_word' id='word_1_186' title='bbox 427 1119 578 1160; x_wconf 88' lang='lat' dir='ltr'>equitibus</span> <span class='ocrx_word' id='word_1_187' title='bbox 592 1120 728 1150; x_wconf 86' lang='lat' dir='ltr'>restituta</span> <span class='ocrx_word' id='word_1_188' title='bbox 740 1130 774 1150; x_wconf 95' lang='lat' dir='ltr'>eo</span> <span class='ocrx_word' id='word_1_189' title='bbox 783 1120 848 1161; x_wconf 85' lang='lat' dir='ltr'>ipso</span> <span class='ocrx_word' id='word_1_190' title='bbox 863 1130 955 1158; x_wconf 80' lang='lat' dir='ltr'>ann0,</span> 
     </span>
     <span class='ocr_line' id='line_1_26' title="bbox 70 1163 956 1204; baseline 0 -11"><span class='ocrx_word' id='word_1_191' title='bbox 70 1173 132 1203; x_wconf 91' lang='lat' dir='ltr'>quo</span> <span class='ocrx_word' id='word_1_192' title='bbox 146 1163 232 1193; x_wconf 86' lang='lat' dir='ltr'>illam</span> <span class='ocrx_word' id='word_1_193' title='bbox 246 1163 372 1193; x_wconf 84' lang='lat' dir='ltr'>alteram</span> <span class='ocrx_word' id='word_1_194' title='bbox 393 1164 428 1192; x_wconf 82' lang='lat' dir='ltr'>de</span> <span class='ocrx_word' id='word_1_195' title='bbox 445 1164 613 1201; x_wconf 74' lang='lat' dir='ltr'>repetundis</span> <span class='ocrx_word' id='word_1_196' title='bbox 632 1163 714 1199; x_wconf 81' lang='lat' dir='ltr'>tulit,</span> <span class='ocrx_word' id='word_1_197' title='bbox 738 1163 792 1204; x_wconf 94' lang='lat' dir='ltr'>qui</span> <span class='ocrx_word' id='word_1_198' title='bbox 814 1169 858 1193; x_wconf 88' lang='lat' dir='ltr'>est</span> <span class='ocrx_word' id='word_1_199' title='bbox 876 1163 956 1193; x_wconf 86' lang='lat' dir='ltr'>deci-</span> 
     </span>
     <span class='ocr_line' id='line_1_27' title="bbox 69 1205 953 1246; baseline 0.001 -11"><span class='ocrx_word' id='word_1_200' title='bbox 69 1215 139 1236; x_wconf 82' lang='lat' dir='ltr'>mus</span> <span class='ocrx_word' id='word_1_201' title='bbox 155 1215 252 1236; x_wconf 85' lang='lat' dir='ltr'>annus</span> <span class='ocrx_word' id='word_1_202' title='bbox 266 1216 284 1235; x_wconf 87' lang='lat' dir='ltr'>a</span> <span class='ocrx_word' id='word_1_203' title='bbox 300 1205 422 1236; x_wconf 59' lang='lat' dir='ltr'>Seruilia</span> <span class='ocrx_word' id='word_1_204' title='bbox 441 1205 602 1246; x_wconf 81' lang='lat' dir='ltr'>Caepionis.</span> <span class='ocrx_word' id='word_1_205' title='bbox 631 1206 704 1236; x_wconf 89' lang='lat' dir='ltr'>Huc</span> <span class='ocrx_word' id='word_1_206' title='bbox 720 1206 849 1246; x_wconf 82' lang='lat' dir='ltr'>pertinet</span> <span class='ocrx_word' id='word_1_207' title='bbox 864 1205 953 1243; x_wconf 84' lang='lat' dir='ltr'>illud,</span> 
     </span>
     <span class='ocr_line' id='line_1_28' title="bbox 69 1248 953 1289; baseline 0 -11"><span class='ocrx_word' id='word_1_208' title='bbox 69 1248 152 1289; x_wconf 89' lang='lat' dir='ltr'>quod</span> <span class='ocrx_word' id='word_1_209' title='bbox 177 1249 209 1278; x_wconf 90' lang='lat' dir='ltr'>in</span> <span class='ocrx_word' id='word_1_210' title='bbox 233 1248 367 1289; x_wconf 88' lang='lat' dir='ltr'>reliquiis</span> <span class='ocrx_word' id='word_1_211' title='bbox 389 1248 446 1279; x_wconf 87' lang='lat' dir='ltr'>Or.</span> <span class='ocrx_word' id='word_1_212' title='bbox 469 1258 524 1289; x_wconf 92' lang='lat' dir='ltr'>pro</span> <span class='ocrx_word' id='word_1_213' title='bbox 553 1250 666 1280; x_wconf 87' lang='lat' dir='ltr'>Scauro</span> <span class='ocrx_word' id='word_1_214' title='bbox 689 1255 953 1286; x_wconf 79' lang='lat' dir='ltr'>commemoratur,</span> 
     </span>
     <span class='ocr_line' id='line_1_29' title="bbox 70 1291 954 1333; baseline 0 -11"><span class='ocrx_word' id='word_1_215' title='bbox 70 1301 193 1323; x_wconf 88' lang='lat' dir='ltr'>causam</span> <span class='ocrx_word' id='word_1_216' title='bbox 213 1291 377 1331; x_wconf 87' lang='lat' dir='ltr'>Caepionis,</span> <span class='ocrx_word' id='word_1_217' title='bbox 402 1302 418 1321; x_wconf 90' lang='lat' dir='ltr'>e</span> <span class='ocrx_word' id='word_1_218' title='bbox 436 1291 559 1321; x_wconf 60' lang='lat' dir='ltr'>Servili&amp;</span> <span class='ocrx_word' id='word_1_219' title='bbox 580 1293 646 1332; x_wconf 86' lang='lat' dir='ltr'>lege</span> <span class='ocrx_word' id='word_1_220' title='bbox 668 1292 797 1322; x_wconf 81' lang='lat' dir='ltr'>accusati</span> <span class='ocrx_word' id='word_1_221' title='bbox 816 1291 854 1321; x_wconf 85' lang='lat' dir='ltr'>de</span> <span class='ocrx_word' id='word_1_222' title='bbox 868 1301 954 1333; x_wconf 90' lang='lat' dir='ltr'>repe-</span> 
     </span>
     <span class='ocr_line' id='line_1_30' title="bbox 67 1333 785 1374; baseline -0.003 -8"><span class='ocrx_word' id='word_1_223' title='bbox 67 1333 180 1371; x_wconf 88' lang='lat' dir='ltr'>tundis,</span> <span class='ocrx_word' id='word_1_224' title='bbox 196 1334 235 1364; x_wconf 86' lang='lat' dir='ltr'>ad</span> <span class='ocrx_word' id='word_1_225' title='bbox 250 1334 365 1374; x_wconf 85' lang='lat' dir='ltr'>equites</span> <span class='ocrx_word' id='word_1_226' title='bbox 379 1340 476 1365; x_wconf 88' lang='lat' dir='ltr'>actam</span> <span class='ocrx_word' id='word_1_227' title='bbox 493 1340 522 1365; x_wconf 89' lang='lat' dir='ltr'>et</span> <span class='ocrx_word' id='word_1_228' title='bbox 533 1335 700 1374; x_wconf 87' lang='lat' dir='ltr'>judicatam</span> <span class='ocrx_word' id='word_1_229' title='bbox 713 1345 785 1365; x_wconf 85' lang='lat' dir='ltr'>esse.</span> 
     </span>
    </p>

    <p class='ocr_par' dir='ltr' id='par_1_4' title="bbox 112 1377 864 1408">
     <span class='ocr_line' id='line_1_31' title="bbox 112 1377 864 1408; baseline 0.001 -1"><span class='ocrx_word' id='word_1_230' title='bbox 112 1378 223 1407; x_wconf 66' lang='lat' dir='ltr'>Silvani</span> <span class='ocrx_word' id='word_1_231' title='bbox 239 1384 264 1408; x_wconf 84' lang='lat' dir='ltr'>et</span> <span class='ocrx_word' id='word_1_232' title='bbox 279 1377 428 1407; x_wconf 81' lang='lat' dir='ltr'>Carbonis.</span> <span class='ocrx_word' id='word_1_233' title='bbox 451 1377 524 1407; x_wconf 85' lang='lat' dir='ltr'><strong>Vid.</strong></span> <span class='ocrx_word' id='word_1_234' title='bbox 545 1379 685 1408; x_wconf 74' lang='lat' dir='ltr'>Carbonis</span> <span class='ocrx_word' id='word_1_235' title='bbox 699 1383 728 1408; x_wconf 92' lang='lat' dir='ltr'>et</span> <span class='ocrx_word' id='word_1_236' title='bbox 742 1378 864 1408; x_wconf 73' lang='lat' dir='ltr'>Silvani.</span> 
     </span>
    </p>

    <p class='ocr_par' dir='ltr' id='par_1_5' title="bbox 114 1420 696 1461">
     <span class='ocr_line' id='line_1_32' title="bbox 114 1420 696 1461; baseline -0.003 -11"><span class='ocrx_word' id='word_1_237' title='bbox 114 1422 283 1450; x_wconf 70' lang='lat' dir='ltr'>summaria</span> <span class='ocrx_word' id='word_1_238' title='bbox 299 1421 393 1450; x_wconf 72' lang='lat' dir='ltr'>Julia.</span> <span class='ocrx_word' id='word_1_239' title='bbox 414 1420 487 1450; x_wconf 87' lang='lat' dir='ltr'>Vid.</span> <span class='ocrx_word' id='word_1_240' title='bbox 505 1421 579 1461; x_wconf 75' lang='lat' dir='ltr'>leges</span> <span class='ocrx_word' id='word_1_241' title='bbox 590 1420 696 1450; x_wconf 68' lang='lat' dir='ltr'>Julius.</span> 
     </span>
    </p>

    <p class='ocr_par' dir='ltr' id='par_1_6' title="bbox 73 1462 955 1548">
     <span class='ocr_line' id='line_1_33' title="bbox 120 1462 955 1504; baseline 0 -11"><span class='ocrx_word' id='word_1_242' title='bbox 120 1463 293 1493; x_wconf 72' lang='lat' dir='ltr'>&#39;Tabellaria’</span> <span class='ocrx_word' id='word_1_243' title='bbox 309 1469 439 1504; x_wconf 89' lang='lat' dir='ltr'>quatuor</span> <span class='ocrx_word' id='word_1_244' title='bbox 457 1470 546 1499; x_wconf 78' lang='lat' dir='ltr'>sunt3</span> <span class='ocrx_word' id='word_1_245' title='bbox 571 1463 608 1493; x_wconf 90' lang='lat' dir='ltr'>de</span> <span class='ocrx_word' id='word_1_246' title='bbox 628 1463 739 1504; x_wconf 90' lang='lat' dir='ltr'>quibus</span> <span class='ocrx_word' id='word_1_247' title='bbox 754 1462 814 1494; x_wconf 84' lang='lat' dir='ltr'>vid.</span> <span class='ocrx_word' id='word_1_248' title='bbox 834 1462 896 1493; x_wconf 86' lang='lat' dir='ltr'>Cic.</span> <span class='ocrx_word' id='word_1_249' title='bbox 917 1462 955 1493; x_wconf 83' lang='lat' dir='ltr'>de</span> 
     </span>
     <span class='ocr_line' id='line_1_34' title="bbox 73 1506 630 1548; baseline -0.002 -11"><span class='ocrx_word' id='word_1_250' title='bbox 73 1508 170 1548; x_wconf 85' lang='lat' dir='ltr'>Legg.</span> <span class='ocrx_word' id='word_1_251' title='bbox 186 1506 253 1543; x_wconf 87' lang='grc' dir='ltr'>ΙΙΙ,</span> <span class='ocrx_word' id='word_1_252' title='bbox 273 1507 336 1542; x_wconf 77' lang='lat'>163</span> <span class='ocrx_word' id='word_1_253' title='bbox 360 1506 390 1536; x_wconf 91' lang='lat' dir='ltr'>in</span> <span class='ocrx_word' id='word_1_254' title='bbox 408 1506 516 1543; x_wconf 78' lang='lat' dir='ltr'>Laelio,</span> <span class='ocrx_word' id='word_1_255' title='bbox 533 1516 557 1536; x_wconf 93' lang='lat' dir='ltr'>c.</span> <span class='ocrx_word' id='word_1_256' title='bbox 581 1507 630 1536; x_wconf 85' lang='lat'><strong>16.</strong></span> 
     </span>
    </p>

    <p class='ocr_par' dir='ltr' id='par_1_7' title="bbox 72 1548 957 1718">
     <span class='ocr_line' id='line_1_35' title="bbox 118 1548 954 1589; baseline -0.002 -9"><span class='ocrx_word' id='word_1_257' title='bbox 118 1550 150 1589; x_wconf 92' lang='lat' dir='ltr'>l)</span> <span class='ocrx_word' id='word_1_258' title='bbox 169 1549 304 1586; x_wconf 74' lang='lat' dir='ltr'>Gabinia,</span> <span class='ocrx_word' id='word_1_259' title='bbox 321 1559 339 1578; x_wconf 91' lang='lat' dir='ltr'>a</span> <span class='ocrx_word' id='word_1_260' title='bbox 360 1549 483 1579; x_wconf 89' lang='lat' dir='ltr'>tribuno</span> <span class='ocrx_word' id='word_1_261' title='bbox 505 1549 601 1589; x_wconf 89' lang='lat' dir='ltr'>plebis</span> <span class='ocrx_word' id='word_1_262' title='bbox 617 1549 656 1583; x_wconf 83' lang='lat' dir='ltr'><strong>Q.</strong></span> <span class='ocrx_word' id='word_1_263' title='bbox 673 1548 810 1586; x_wconf 81' lang='lat' dir='ltr'>Gabinio,</span> <span class='ocrx_word' id='word_1_264' title='bbox 830 1548 954 1578; x_wconf 88' lang='lat' dir='ltr'>homine</span> 
     </span>
     <span class='ocr_line' id='line_1_36' title="bbox 73 1591 956 1634; baseline -0.002 -12"><span class='ocrx_word' id='word_1_265' title='bbox 73 1593 176 1634; x_wconf 86' lang='lat' dir='ltr'>ignoto</span> <span class='ocrx_word' id='word_1_266' title='bbox 188 1598 217 1622; x_wconf 87' lang='lat' dir='ltr'>et</span> <span class='ocrx_word' id='word_1_267' title='bbox 228 1591 357 1629; x_wconf 82' lang='lat' dir='ltr'>sordidO,</span> <span class='ocrx_word' id='word_1_268' title='bbox 373 1595 416 1621; x_wconf 91' lang='lat' dir='ltr'><strong>A.</strong></span> <span class='ocrx_word' id='word_1_269' title='bbox 428 1592 466 1622; x_wconf 90' lang='lat' dir='ltr'><strong>U.</strong></span> <span class='ocrx_word' id='word_1_270' title='bbox 483 1592 545 1621; x_wconf 88' lang='grc'>614</span> <span class='ocrx_word' id='word_1_271' title='bbox 560 1592 631 1629; x_wconf 55' lang='lat' dir='ltr'>lata„</span> <span class='ocrx_word' id='word_1_272' title='bbox 644 1594 729 1626; x_wconf 61' lang='lat' dir='ltr'>imin</span> <span class='ocrx_word' id='word_1_273' title='bbox 743 1593 956 1632; x_wconf 56' lang='lat' dir='ltr'>magistratibus</span> 
     </span>
     <span class='ocr_line' id='line_1_37' title="bbox 73 1634 955 1671; baseline -0.003 -5"><span class='ocrx_word' id='word_1_274' title='bbox 73 1636 216 1668; x_wconf 78' lang='lat' dir='ltr'>creandis,</span> <span class='ocrx_word' id='word_1_275' title='bbox 232 1646 288 1664; x_wconf 82' lang='lat' dir='ltr'>mm</span> <span class='ocrx_word' id='word_1_276' title='bbox 302 1645 368 1664; x_wconf 80' lang='lat' dir='ltr'>voce</span> <span class='ocrx_word' id='word_1_277' title='bbox 382 1637 467 1671; x_wconf 73' lang='lat' dir='ltr'>cives,</span> <span class='ocrx_word' id='word_1_278' title='bbox 486 1636 535 1664; x_wconf 83' lang='lat' dir='ltr'>sed</span> <span class='ocrx_word' id='word_1_279' title='bbox 553 1635 674 1671; x_wconf 74' lang='lat' dir='ltr'>tabellis,</span> <span class='ocrx_word' id='word_1_280' title='bbox 687 1640 853 1670; x_wconf 76' lang='lat' dir='ltr'>uterentur,</span> <span class='ocrx_word' id='word_1_281' title='bbox 870 1640 903 1664; x_wconf 85' lang='lat' dir='ltr'>ut</span> <span class='ocrx_word' id='word_1_282' title='bbox 918 1634 955 1663; x_wconf 93' lang='lat' dir='ltr'>li-</span> 
     </span>
     <span class='ocr_line' id='line_1_38' title="bbox 72 1677 957 1718; baseline 0 -11"><span class='ocrx_word' id='word_1_283' title='bbox 72 1680 142 1708; x_wconf 87' lang='lat' dir='ltr'>bere</span> <span class='ocrx_word' id='word_1_284' title='bbox 164 1677 318 1718; x_wconf 81' lang='lat' dir='ltr'>suffragia,</span> <span class='ocrx_word' id='word_1_285' title='bbox 337 1677 401 1708; x_wconf 86' lang='lat' dir='ltr'>sine</span> <span class='ocrx_word' id='word_1_286' title='bbox 422 1677 648 1710; x_wconf 84' lang='lat' dir='ltr'>inimicitiarum</span> <span class='ocrx_word' id='word_1_287' title='bbox 671 1683 767 1716; x_wconf 84' lang='lat' dir='ltr'>metu,</span> <span class='ocrx_word' id='word_1_288' title='bbox 791 1677 868 1708; x_wconf 88' lang='lat' dir='ltr'>ferre</span> <span class='ocrx_word' id='word_1_289' title='bbox 887 1687 957 1718; x_wconf 81' lang='lat' dir='ltr'>pos-</span> 
     </span>
    </p>

    <p class='ocr_par' dir='ltr' id='par_1_8' title="bbox 115 1720 740 1762">
     <span class='ocr_line' id='line_1_39' title="bbox 115 1720 740 1762; baseline -0.002 -11"><span class='ocrx_word' id='word_1_290' title='bbox 115 1720 263 1762; x_wconf 64' lang='lat' dir='ltr'>(clavis.)</span> <span class='ocrx_word' id='word_1_291' title='bbox 720 1729 740 1750; x_wconf 79' lang='lat' dir='ltr'>F</span> 
     </span>
    </p>
   </div>
  </div>
 </body>
</html>
