1137 1848
329 61 478 95 INDEX
501 62 788 96 HISTORICUS.
942 64 1006 95 233

115 148 248 182 bunatfis
261 148 306 190 pl.
321 149 474 190 repulsam
490 149 571 179 tulit.
595 150 701 180 Rabir.
719 151 749 186 7.
765 159 836 180 cum
852 149 889 180 C.
905 149 1009 180 Mario

118 203 177 224 cos.
191 192 251 222 fuit
265 191 306 222 A.
323 193 398 223 649.
421 192 514 222 Adde
536 192 600 223 Off.
626 192 691 232 ΙΙΙ,
719 194 769 224 19.
794 193 868 223 Vid.
885 192 1010 223 collecta

121 234 256 267 Gorrado
271 235 309 264 ad
325 235 414 265 Brut.
432 238 484 266 34.

163 280 197 309 C.
213 279 344 309 Flavius
356 279 503 315 Fimbria,
518 279 607 309 Brut.
624 280 675 309 66.
687 279 735 308 M.
749 277 850 309 Crassi
862 278 1016 308 inimicus.

121 321 221 363 qualis
234 327 342 351 orator.
366 321 455 351 Rosc.
473 321 546 351 Am.
569 326 615 352 12.
629 322 866 358 homoinsamoe,
879 321 920 358 Q.
934 323 1014 351 Scae-

121 364 224 394 volam
245 364 278 394 in
293 363 398 394 funere
410 364 505 394 Marii
517 365 669 395 vulnerari
685 371 778 395 curat.
795 364 877 394 Add.
889 363 1016 394 Corrad-

122 407 145 437 1.
160 417 187 437 c.

166 451 208 481 L.
224 450 382 487 Fimbria,
400 450 489 480 Verr.
507 450 571 489 VI,
599 450 651 485 70.
672 450 778 480 multis
803 448 968 480 inimicitiis
985 453 1016 478 et

125 492 281 524 laboribus
293 493 331 522 ad
341 493 468 524 honores
480 493 626 534 pervenit.
646 494 705 524 Sed
718 500 762 523 est
773 493 881 522 vitium
899 492 929 521 in
940 502 1019 531 prae-

125 536 260 574 nomine,
278 536 561 576 corrigendumque,
586 539 620 566 (“.
638 544 673 566 ut
686 538 750 575 jam
767 535 887 565 monuit
903 535 1019 564 Manu-

127 578 197 609 tius.
231 578 289 609 Est
312 579 476 609 consularis
499 579 550 608 ille
576 579 714 609 Fimbria
728 590 735 608 :
766 578 907 618 jungitur
937 577 1017 607 enim

128 620 250 651 Mario:
275 631 330 651 nec
355 622 437 652 ullus
462 622 500 651 L.
528 622 665 652 Fimbria
689 622 854 651 honoratus
879 620 911 650 in
936 619 1020 649 libris

127 664 261 704 antiquis
276 665 415 694 occurrit.

171 707 334 743 Firmani,
352 707 469 743 fratres,
487 707 553 737 Att.
572 706 632 744 IV,
644 708 673 742 7.
690 707 771 737 Vide
787 708 828 737 L.
850 707 975 737 Gavius.

127 791 148 822 d
172 750 358 789 Fir-millius,
389 752 473 781 Sext.
503 753 556 780 52.
599 750 817 781 Clodianarum
860 758 1020 790 operarum

149 802 202 822 ux.

171 837 205 865 C.
227 836 374 874 Flaccus,
399 845 415 866 e
440 835 577 866 Valeriis.
613 836 722 873 Quint.
747 835 776 870 7.
800 835 963 875 imperator
991 838 1020 863 et

127 884 237 918 praetor
253 878 374 917 Galliae,
391 879 530 920 Scipione
550 884 578 909 et
594 879 740 909 Norbano
756 888 830 908 coss.
849 877 879 907 h.
891 888 915 907 e.
928 877 968 906 A.
980 877 1020 906 U.

173 966 207 995 C.
222 965 372 1000 Flaccus,
386 964 425 994 L.
442 964 484 994 ffl.
501 964 538 994 ad
554 963 628 994 Div.
644 962 710 1000 ΙΙΙ,
730 966 758 993 4.
774 963 833 993 fuit
848 963 885 993 de
901 962 1021 993 cohorte

127 1006 228 1047 Appii
242 1007 274 1036 in
290 1007 410 1045 Cilicia,
424 1014 503 1038 certe
516 1017 655 1037 summus
671 1008 737 1046 ejus
757 1006 873 1036 amicus
889 1011 918 1036 et
933 1005 1022 1035 fami-

130 1049 222 1080 liaris.
262 1049 383 1091 Itaque,
413 1061 461 1090 ep.
491 1053 503 1079 1
517 1054 542 1081 l.
572 1050 682 1079 dicitur
711 1049 841 1085 curasse,
873 1054 908 1078 ut
934 1054 1022 1078 testes

130 1093 308 1123 mercenarii
328 1093 360 1122 in
389 1091 531 1134 Appium
555 1103 574 1122 a
600 1092 662 1122 suis
685 1092 857 1122 civitatibus
884 1096 1024 1121 notaren-

132 1140 192 1165 tur.

180 1179 217 1209 C.
233 1184 263 1209 et
277 1179 331 1209 M.
347 1179 483 1210 Flaccus
499 1179 627 1216 Aviani,
643 1177 761 1215 fratres,
777 1177 815 1208 ad
831 1176 904 1208 Div.
921 1175 1022 1213 XIII,

181 1265 223 1295 L.
249 1265 398 1302 Flaccus,
422 1275 438 1295 e
467 1264 610 1295 Valeriis.
647 1263 728 1293 Phil.
767 1262 832 1299 XI,
860 1265 889 1292 8.
919 1260 1024 1292 consul

140 1306 234 1347 (622)
259 1317 329 1337 cum
356 1308 393 1337 P.
411 1308 530 1338 Licinio
554 1307 713 1343 Muciano,
736 1306 847 1336 flamen
863 1303 1025 1335 Martialis.

140 1349 250 1390 Itaque
265 1350 296 1380 in
312 1351 377 1390 ejus
392 1351 528 1380 nummis
544 1349 632 1380 Mars
651 1355 680 1379 et
695 1360 772 1389 apex
790 1353 962 1378 cernuntur.
986 1347 1027 1376 Ei

140 1392 280 1423 Licinius
294 1393 425 1423 multam
445 1393 534 1430 dixit,
551 1393 575 1422 si
591 1404 609 1422 a
625 1392 714 1422 sacris
729 1391 892 1421 discederet
907 1389 945 1419 ad
962 1389 1027 1419 bel-

139 1435 206 1465 lum
231 1445 301 1465 cum
329 1436 503 1466 Aristonico
526 1436 557 1464 in
574 1435 652 1465 Asia
679 1435 854 1474 gerendum..
889 1432 1028 1472 Populus

138 1478 270 1508 multam
287 1478 420 1513 remisitz
445 1478 497 1508 sed
520 1478 655 1519 pontifici
678 1477 797 1507 Licinio
811 1486 915 1517 parere
927 1475 1027 1514 jussit.

138 1519 243 1551 Etiam
259 1521 332 1551 Div.
352 1520 380 1559 Ι,
397 1522 448 1551 46.
474 1526 728 1551 commemoratur
747 1520 857 1549 flamen
874 1518 1027 1549 Martialis

138 1562 177 1593 L.
194 1563 330 1594 Flaccus.
361 1564 420 1594 Sed
435 1564 460 1593 is
486 1574 504 1593 a
527 1563 642 1604 collega
666 1563 807 1593 Muciani
831 1562 966 1591 diversus
989 1561 1027 1591 sit

136 1615 256 1636 necesse
270 1612 324 1644 est,
342 1607 424 1647 quod
440 1617 477 1636 ex
493 1616 527 1636 eo
550 1617 579 1636 se
594 1606 714 1636 audisse
729 1605 800 1635 dicit
816 1604 951 1642 Quintus
966 1603 1028 1634 fra-

136 1653 192 1687 ter,
206 1659 275 1690 quae
286 1655 513 1680 commemorat.
538 1648 588 1679 De
602 1648 660 1679 hoc
674 1649 783 1679 Flacco
798 1647 911 1688 accipio
925 1646 1029 1676 locum

137 1690 170 1720 in
182 1691 284 1722 Caecil.
304 1693 353 1723 19.
373 1693 426 1722 ubi
442 1692 586 1732 quaestori
602 1692 667 1731 ejus
683 1691 733 1720 Μ.
750 1693 862 1722 Scauro
878 1690 1029 1720 accusatio

136 1734 201 1773 ejus
211 1743 273 1766 non
288 1744 426 1766 concessa
443 1745 505 1766 esse
520 1734 640 1765 dicitur.
660 1734 712 1764 Ad
723 1744 794 1764 eum
809 1734 911 1764 locum
925 1732 970 1762 nil
982 1733 1029 1763 in-

752 1786 775 1807 x
790 1778 810 1806 3
