1137 1848
294 40 445 72 INDEX
469 38 867 71 GRAECO-LATINUS.
961 39 1021 73 467

178 131 401 164 Νομοφυλακες,
425 127 525 165 legum
550 127 700 163 custodes,
726 125 764 155 de
787 125 864 165 Leg.
881 123 946 161 ΙΙΙ,
970 125 1022 154 20.

134 168 330 209 magistratus
353 167 566 205 Athenienses„
595 169 648 209 qui
670 169 776 209 legum
798 177 903 198 curam
931 167 1024 198 habe-

135 213 221 247 bant,
237 219 266 242 et
280 212 359 242 facta
373 212 535 242 hominum
547 213 757 248 observabant,
769 210 807 240 ad
822 211 963 251 legesque
978 221 1024 240 re-

136 255 292 284 vocabant.
321 254 410 286 Conf.
435 254 578 295 Xenoph.
601 255 761 284 OEeonom.
781 255 812 284 9.
838 254 885 283 14.
906 264 944 283 ex
965 263 1026 294 quo

137 297 256 337 repetiit
271 298 436 328 Columell.
454 299 494 328 R.
515 298 556 328 R.
582 296 664 334 XII,
686 298 716 327 3.
738 296 792 326 ubi
807 296 875 326 vide
896 296 1026 337 interpp.

136 339 185 370 Cf.
202 340 315 370 Potter.
332 340 486 371 Archaeol.
503 340 558 370 Gr.
576 341 605 374 I.
631 344 679 370 13.
708 339 768 369 Sed
783 339 961 378 adjiciemus
981 339 1027 369 lo-

134 392 205 412 cum
221 393 258 413 ex
271 384 469 414 OEconomico
478 383 690 423 Xenophontis
703 382 833 412 Latine:
856 384 878 399 “
894 383 1029 412 Civitati‹

136 426 188 454 bus
200 427 375 464 primoribus
392 433 478 466 atque
493 427 607 466 optimis
620 437 677 455 uon
693 426 762 455 sutis
778 431 818 454 est
832 427 923 455 visum
941 425 1028 454 bonas

137 468 211 508 leges
225 469 339 505 habere,
353 471 409 499 nisi
425 472 554 499 custodes
564 479 665 499 earum
681 469 912 508 diligentissimos
927 467 1026 497 cretis-

133 517 207 549 sent,
224 523 294 551 quos
313 514 414 543 Graeci
429 519 628 551 νομοφυλακας
646 511 800 550 appellant.
833 510 949 540 Horum
965 517 1027 540 crat

136 552 274 593 officium,
298 566 353 593 eos,
369 557 419 595 qm·
436 556 544 595 legibus
566 561 713 593 parerent,
727 554 865 583 laudibus
877 555 1024 594 prosequi,

136 607 190 627 uec
202 599 295 627 minus
313 599 466 628 honoribus
479 609 488 635 ,·
512 607 555 627 eos
566 603 674 634 autem,
685 598 734 637 qui
750 597 860 637 legibus
874 607 929 626 non
939 607 1025 635 pare-

137 646 211 676 rent,
227 642 319 679 poem’s
333 640 509 678 mulctare‚’'
526 641 582 670 ἃς.

570 759 601 784 {¹¹

183 857 216 871 ;
207 853 275 870 soc-r
281 842 445 881 spoletus,
461 840 500 871 ad
517 839 583 870 Att.
600 837 682 877 XII,
698 839 752 870 46.
777 838 837 869 Sed
851 838 883 869 id
898 840 1025 869 verbum

137 894 193 924 ego
208 883 314 914 delew.

182 939 246 956 :mcv
253 932 427 964 ;E·u2).;10,‚
443 927 618 957 communis
634 925 737 963 Πίσης,
760 925 798 955 ad
815 926 881 955 Att.
897 923 978 963 VII,
994 926 1024 955 8.

140 979 178 999 ex
195 969 290 1000 Hom.
308 969 396 1000 Iliad.
414 975 446 1007 Σ,
464 973 538 1001 309.

565 1079 599 1101 O.

184 1159 342 1194 Οβελιζειν,
359 1170 433 1190 veru
448 1164 567 1195 notare,
584 1158 622 1188 ad
643 1158 718 1188 Div.
735 1158 798 1195 IX,
818 1158 868 1194 10,
888 1163 931 1189 est
946 1163 1028 1189 tam-

141 1213 238 1242 quam
260 1204 401 1242 spurium
426 1203 559 1242 rcgy'icere.
591 1201 709 1232 Obelus
725 1201 807 1231 enim
825 1200 885 1230 fuit
906 1201 1028 1242 signum

139 1245 323 1282 criticorum,
341 1256 402 1286 quo
417 1246 520 1286 spuria
542 1256 560 1275 a
571 1244 710 1284 genuinis
723 1243 932 1274 discernerent.
955 1245 986 1275 V
987 1244 1028 1274 id.

142 1288 268 1327 Menag.
286 1288 325 1318 ad
341 1289 443 1319 Laert.
461 1287 526 1325 ΙΙΙ,
544 1288 595 1317 66.
621 1298 651 1328 p.
671 1288 741 1317 162.
765 1286 974 1318 Eschenbach.
991 1287 1028 1318 de

142 1331 217 1361 Not.
234 1331 308 1361 Crit.
321 1342 389 1372 pag.
407 1335 481 1363 232.
497 1342 561 1371 sqq.
579 1336 608 1360 et
623 1330 706 1360 alios.

184 1374 219 1403 ‘O
240 1381 362 1409 ymz‘svc
383 1373 650 1414 ανὲρακευς,]α1ίο
673 1373 883 1409 carbonarius,
907 1373 946 1403 ad
961 1373 1028 1404 Att.

143 1416 222 1453 XV,
245 1418 274 1446 5.
306 1417 451 1447 Fullones
471 1427 487 1447 e
503 1417 638 1447 vestibus
659 1416 785 1446 sordidis
801 1415 943 1446 candidas
957 1416 1030 1448 faci-

141 1466 222 1496 unt,
212 1471 220 1478 ·
238 1459 405 1490 carbonarii
416 1465 518 1490 autern
532 1459 611 1500 nigri
623 1464 653 1489 et
662 1459 773 1490 sordidi
789 1463 868 1489 sunt.
889 1459 922 1489 Si
936 1459 1030 1500 igitur

142 1503 220 1533 fullo
240 1502 321 1532 idem
345 1503 384 1533 sit
398 1502 601 1540 carbonarius,
623 1502 734 1533 frustra
756 1502 788 1532 in
804 1501 936 1532 vestibus
956 1513 1031 1544 pur-

142 1545 250 1586 gandis
259 1545 418 1576 laborabit.
434 1546 517 1576 Hinc
526 1545 719 1586 proverbium
729 1550 783 1583 est,
795 1551 914 1581 γναφευς
927 1548 994 1584 wip
1000 1557 1032 1573 α-

145 1601 219 1626 κευς,
235 1588 267 1618 in
283 1599 366 1626 eum,
389 1589 454 1630 qui7
468 1588 550 1630 quod
565 1588 675 1619 melius
689 1587 812 1619 reddere
827 1592 964 1626 conatur,
980 1588 1032 1618 de-

144 1631 236 1662 terius
251 1631 331 1661 facit.

187 1674 222 1701 ‘0
248 1673 273 1702 ἳὲ
295 1686 424 1711 (salvs-rou
445 1686 491 1703 ῦυκ
512 1675 552 1704 ἐτ’
570 1687 708 1711 ανεκτως,
724 1675 774 1705 hic
794 1679 898 1705 autem
913 1685 1039 1711 msanzt
