1122 1868
162 67 222 98 140
372 65 522 96 INDEX
546 64 834 97 HISTORICUS.

163 152 345 183 dictaturam
366 151 398 182 in
418 157 599 192 perpetuum
623 152 710 182 tollit.
733 151 807 182 ibid.
828 153 858 181 2.
890 151 1056 182 Amatium

165 194 443 227 Pseudo-Marium
458 194 598 225 interficit
609 195 641 225 in
657 194 825 226 consulatu.
836 194 875 224 ad
885 194 959 225 Div.
970 195 1020 225 XI
1026 195 1054 232 I,

164 239 195 269 3.
228 238 341 269 Caesari
367 243 497 268 statuam
521 239 607 278 ponit
629 238 661 268 in
690 237 819 274 Rostris,
846 244 875 267 et
897 237 1053 268 inscribit:

166 284 189 300 “
203 282 336 312 Parenti
357 281 466 320 optime
483 282 627 319 merito,''
653 281 746 322 (hanc
768 280 876 310 deinde
895 280 1058 311 Dolabella

167 324 297 361 evertit.)
319 324 388 353 Att.
414 324 458 362 X,
483 324 530 353 13.
550 325 615 363 ejus
630 324 730 354 leones
752 322 833 357 (add.
852 323 932 353 Plin.
954 323 1055 360 VIII,

170 368 233 405 16.)
256 368 325 397 Att.
342 366 386 403 X,
406 367 454 396 10.
484 367 565 396 Phil.
584 367 631 402 ΙΙ,
648 368 701 401 24,
720 368 771 396 25.
800 366 996 407 Cytheridem
1012 377 1058 396 se-

168 421 239 440 cum
254 409 359 440 lecticiz
369 409 473 450 apert&
488 415 596 450 portat.
615 409 653 440 ad
676 409 748 439 Div.
768 409 812 446 X,
833 410 886 446 30,
903 415 932 439 et
950 410 998 439 ll.
1020 408 1060 439 ad

169 452 328 483 Mutinam
344 452 493 483 vincitur:
519 453 601 493 quod
621 452 762 493 proelium
780 451 958 482 describitur
974 452 1057 482 Phil.

168 496 212 534 V,
229 497 260 526 9.
283 495 441 525 Mutinam
457 495 583 531 obsidet,
602 497 658 526 &cu

212 539 260 569 M.
278 539 448 575 Antonius,
459 538 593 569 diversus
604 549 621 568 a
635 538 754 569 IIIviro
767 544 822 576 est,
837 537 917 568 Phil.
931 537 993 574 IV,
1009 538 1059 568 10.

214 582 331 618 Antra,
348 582 386 611 ad
403 582 467 611 Att.
485 581 561 618 XV,
582 582 630 616 17.

214 626 319 661 Aoedc,
338 625 411 654 Nat.
430 624 471 654 D.
492 623 557 661 ΙΙΙ,
574 625 626 654 21.
647 624 753 661 Musa,
773 634 811 655 ex
825 623 933 665 primis
948 629 1060 665 quatu-

172 678 217 705 or,
233 668 313 697 natis
327 667 406 697 Jove
422 668 523 696 altero.

215 711 341 750 Apella,
357 710 395 740 ad
411 709 484 739 Div.
502 710 545 745 X,
561 720 609 750 ep.
629 710 676 745 17.

215 754 339 793 Apella,
363 753 402 783 ad
421 752 493 783 Div.
515 752 597 790 VII,
620 763 667 794 ep.
687 754 739 783 25.
765 753 892 784 libertus
908 752 956 783 M.
973 752 1062 783 Fabii

175 797 269 826 Galli.

219 840 328 879 Apella
346 838 454 876 Chius⁷
467 838 631 877 Attxn,
648 839 697 869 19.
714 839 925 869 columnarum
941 838 1061 869 artifex.

176 882 270 912 Hunc
282 882 425 923 Apellam
440 891 501 911 non
517 882 765 912 commemoravit
780 882 801 912 J
805 882 895 911 unius
908 893 915 912 z
942 881 993 911 sed
1008 881 1062 911 ha-

174 927 225 956 bet
239 926 335 955 alium
347 925 506 965 Apellam,
520 926 712 963 statuarium,
726 936 742 955 e
756 925 835 955 Plin.
851 923 1003 955 XXXIV
1006 946 1015 961 ,
1032 926 1062 954 8.

217 968 458 1008 Anellcs‚B=1.ut
478 969 525 997 18.
542 968 646 1008 pictor.
663 968 703 998 ad
718 968 790 998 Div.
809 969 837 1005 Ι,
851 978 898 1008 ep.
909 969 940 998 9.
963 968 1064 998 Vene-

174 1021 238 1041 rem
251 1010 434 1052 imperfecta
429 1021 459 1040 n
475 1011 607 1051 reliquit.
624 1011 660 1041 de
676 1011 738 1042 Off.
760 1012 827 1048 ΙΙΙ,
843 1012 874 1040 2.
889 1021 979 1041 nemo
994 1020 1061 1040 eam

174 1055 329 1085 absolvere
345 1064 376 1084 se
391 1064 477 1094 posse
492 1054 620 1084 confisus
637 1060 688 1084 est.
705 1054 744 1084 ad
762 1054 835 1084 Div.
852 1053 894 1090 V,
916 1058 962 1084 12.
979 1052 1062 1094 apud

174 1097 236 1169 ῑΛΙε
222 1098 390 1127 „xandrum
412 1096 572 1136 gratiosus,
589 1108 629 1138 qu
623 1097 643 1126 i
663 1098 701 1127 ab
721 1107 756 1127 eo
771 1097 834 1127 solo
853 1107 884 1126 se
904 1096 990 1138 pingi
1012 1106 1063 1126 v-o

189 1146 242 1169 uit

218 1182 358 1222 Apenas,
371 1182 410 1212 ad
426 1182 491 1212 Att.
508 1181 559 1212 IV
562 1205 570 1218 ,
588 1184 617 1216 7.
633 1192 745 1212 servus.

218 1226 362 1264 Aplzile'a.
373 1226 462 1255 Brut.
480 1226 526 1254 18.
538 1226 635 1265 aptior
647 1225 839 1255 concionibus
848 1231 958 1262 orator,
971 1235 1064 1265 quam

172 1268 304 1307 judiciis.
336 1268 397 1298 Ed.
415 1268 543 1297 Mediol.
564 1268 654 1298 habet
671 1268 797 1308 Aphila,
819 1269 900 1298 unde
918 1274 986 1308 post
1004 1267 1066 1298 fac-

175 1318 243 1341 tum
259 1311 373 1341 Ofella.
399 1311 596 1341 Guilielmius
610 1311 743 1341 malebat
755 1311 877 1342 Ofilius.
901 1311 942 1341 V.
953 1316 983 1341 et
992 1311 1066 1341 Cor-

174 1353 283 1383 radum
300 1354 337 1384 ad
353 1354 383 1383 h.
399 1354 420 1383 1.
446 1353 505 1384 Sed
520 1353 632 1384 frustra
645 1354 800 1384 laboratur
814 1354 846 1384 in
865 1355 923 1384 hoc
942 1354 1065 1384 nomine

174 1408 193 1426 a
204 1396 275 1426 viris
289 1396 394 1427 doctis.

218 1440 340 1478 Apollo,
358 1440 432 1470 Nat.
450 1439 492 1469 D.
507 1440 574 1476 ΙΙΙ,
591 1440 643 1470 23.
666 1439 802 1470 Arcades
813 1440 997 1471 Nomionem
1009 1451 1065 1480 ap-

174 1482 298 1523 pellant.
326 1483 366 1512 ib.
395 1484 442 1512 16.
464 1493 536 1513 cum
560 1483 694 1513 Hercule
709 1482 746 1512 de
766 1483 882 1524 tripode
897 1489 998 1513 certat.
1022 1483 1063 1512 ib.

175 1525 227 1555 23.
252 1535 322 1555 cum
349 1526 428 1555 Jove
452 1525 490 1556 de
513 1526 613 1556 Creta.
635 1525 733 1555 Acad.
760 1525 821 1564 lv,
852 1527 902 1555 28.
927 1526 1063 1556 crinitus.

175 1568 269 1598 Tusc.
287 1568 348 1604 IV,
365 1569 416 1598 34.
440 1574 569 1599 sanctus.
593 1569 681 1599 Verr.
697 1568 728 1598 V
730 1591 739 1603 ,
757 1570 810 1605 53,
826 1568 1010 1599 Temenites.

219 1611 377 1650 Apollinis
396 1617 511 1651 operta,
528 1611 565 1641 de
581 1611 653 1641 Div.
671 1610 718 1648 II,
736 1613 788 1641 55.

218 1655 416 1693 Apollinares
427 1654 502 1683 ludi.
521 1654 602 1684 Phil.
621 1655 648 1691 I,
670 1658 716 1685 15.
743 1655 790 1692 ΙΙ,
805 1657 852 1685 13.
869 1656 936 1684 Att.
949 1653 997 1691 ΙΙ,
1015 1656 1062 1684 19.

173 1696 223 1727 De
238 1707 343 1727 eomm
358 1697 474 1737 origine
484 1697 594 1727 tirones
606 1698 708 1737 legant
720 1697 787 1727 Liv.
799 1697 930 1735 XXIV,
947 1700 996 1734 12,
1010 1697 1063 1727 ubi

169 1746 305 1771 auctores
319 1740 357 1771 de
368 1740 416 1770 his
431 1740 510 1770 ludis
530 1740 635 1770 laudat
651 1741 805 1771 Dukerus.
829 1744 924 1771 Actus
939 1751 1002 1771 esse
1016 1739 1064 1771 lv
