1137 1848
338 59 486 90 INDEX
510 60 684 91 LEGUM.
913 61 956 90 25

75 143 148 174 San.
161 144 186 174 F
189 154 251 185 rag.
266 144 348 175 Hist.
358 146 392 181 3)
408 145 466 175 nisi
480 145 511 175 id
521 146 621 186 ipsum
634 156 650 176 e
665 145 843 185 Sempronia
853 145 962 186 repeti-

76 192 141 216 tum
155 193 207 216 est.
231 187 332 227 Caput
347 189 411 227 ejus
421 188 540 218 invenio
552 188 648 218 hocin
659 189 814 225 Cicerone,
827 189 859 218 in
871 189 960 219 Verr.

74 229 136 266 IV,
153 230 205 267 70,
222 236 256 260 ut
272 231 431 270 quotannis
447 242 484 261 ex
499 231 602 261 aerario
618 231 752 271 pecuniae
772 241 893 261 summa
910 231 962 261 de-

73 279 242 302 cerneretur
253 274 345 309 soto,
358 273 417 314 quii
430 274 617 304 frumentum
630 274 660 303 in
674 274 961 310 Siciniufrumenta-

73 313 119 343 ria
128 325 198 354 pop.
215 316 306 345 Rom.
322 316 488 356 provincia,
501 328 519 346 a
534 323 659 357 praetore
672 325 831 354 emeretur,
848 323 877 346 et
893 316 960 357 qui-

73 356 142 386 dem
159 358 264 388 eodem
279 359 421 389 omnibus
441 360 527 389 annis
547 360 653 399 pretio,
677 369 786 400 nempe
806 359 960 400 quaternis

73 400 213 430 sestertiis
234 401 346 441 singuli
361 402 453 432 tritici
470 401 574 439 modii,
592 402 710 433 duobus
725 409 828 432 autem
843 402 959 432 hordei.

74 441 147 471 Vid.
170 444 304 483 Argum,
329 444 416 475 Orat.
441 445 491 475 IV
511 445 543 474 in
558 445 646 475 Verr.
669 445 833 483 Caeterum,
854 451 958 475 utrum

71 484 110 514 ad
127 485 261 516 Siciliam
282 488 376 517 solam
400 487 481 517 istud
502 493 593 528 caput
609 488 800 528 pertinuerit,
826 497 865 517 an
889 497 959 518 vero

71 527 144 557 alias
160 529 251 559 etiam
266 530 433 570 provincias
445 532 638 571 complexum
651 531 699 567 sit,
714 530 751 561 de
763 541 797 560 eo
812 540 873 560 non
889 540 960 560 con-

74 570 154 600 venit
167 571 244 602 inter
259 573 399 603 eruditos.
424 572 507 603 [llud
530 573 617 603 nobis
634 573 750 603 videtur
771 584 786 603 e
805 573 958 604 Ciceronis

72 612 137 643 loco
151 614 274 645 laudato
284 616 384 656 colligi
394 627 479 656 posse
491 627 500 651 ς
523 617 579 646 hoc
592 616 744 646 contendit
757 616 956 653 Commentis,

71 655 92 684 1.
109 666 134 686 c.
158 657 264 698 Atque
284 659 341 689 hoc
356 665 456 699 caput,
479 670 549 689 cum
567 659 721 689 nonnullis
741 659 806 689 aliis
822 659 957 697 fortasse,

70 698 108 728 de
119 700 210 730 modo
219 702 426 742 comportandi
436 702 694 742 distribuendique
703 702 860 739 frumenti,
872 702 959 732 Sem-

68 742 184 781 proniae
199 743 337 773 additum
355 750 407 774 est.
431 745 527 782 Nam,
549 745 595 774 uti
615 745 646 774 in
667 745 779 775 caeteris
803 746 903 782 rebus,
920 744 958 775 de

69 784 180 823 quibus
205 786 363 826 aliquoties
383 787 422 817 ad
445 787 595 828 populum
615 788 724 824 latum,
744 794 902 828 tamquam
919 787 956 817 de

68 827 197 865 ambitu,
214 828 251 858 de
265 830 449 870 repetundis,
471 841 587 870 semper
603 840 723 860 summa
742 830 849 870 primae
864 830 896 859 in
921 840 956 860 eo

68 879 176 908 genere
191 871 265 911 legis
280 879 395 902 servata
410 879 464 909 est,
489 882 598 913 nempe
622 879 657 902 ut
674 873 724 912 agi
743 873 775 902 ‘m
797 873 954 903 hominem

67 918 177 951 posset,
194 920 229 943 ut
246 924 335 954 poena
350 921 425 945 esset
444 915 562 945 crimini
583 915 754 952 constituta,
776 921 882 945 caetera
901 926 956 945 au-

66 959 128 984 tem
145 955 182 985 de
196 957 342 996 personis,
365 957 402 987 de
416 958 507 988 modo
525 958 643 997 judicii,
666 958 703 987 de
723 968 832 998 genere
847 968 953 998 poenae,

66 1003 184 1028 mutata
207 1005 298 1029 sunt:
324 1000 375 1035 sic,
401 1000 433 1030 in
456 1000 662 1030 frumentariis
682 1001 812 1041 legibus,
837 1011 954 1041 semper

65 1039 143 1070 illud
166 1051 182 1070 e
206 1042 384 1083 Sempronia
409 1050 561 1073 servatum
592 1049 646 1081 est,
672 1049 707 1073 ut
733 1043 905 1073 semissibus
925 1049 954 1073 et

62 1083 221 1114 trientibus
236 1085 349 1126 populo
365 1086 564 1116 venderentur
583 1086 677 1116 modii
693 1086 825 1126 singuli3
849 1086 881 1115 in
897 1096 953 1116 cae-

62 1126 133 1155 teris
148 1132 250 1157 autem
268 1129 357 1158 rebus
376 1129 517 1169 quaedam
536 1129 640 1159 addita
655 1135 736 1167 sunt,
754 1135 806 1159 aut
824 1135 952 1159 mutata.

63 1166 102 1198 Id
117 1179 154 1199 ex
171 1180 205 1199 eo
220 1170 349 1211 intelligi
363 1178 471 1212 potest,
483 1172 565 1212 quod
581 1182 598 1201 a
613 1171 720 1202 Clodio
735 1172 874 1202 remissos
889 1182 952 1202 esse

62 1213 176 1252 populo
192 1213 313 1243 trientes
334 1224 404 1244 cum
420 1214 593 1245 semissibus
608 1214 732 1244 tradunt
755 1222 889 1244 auctores
904 1225 950 1245 re-

62 1264 132 1284 rum
148 1256 241 1286 Rom.
265 1256 418 1287 Caeterum
434 1268 471 1287 ex
495 1257 582 1288 dictis
600 1257 790 1297 intelligitur,
808 1258 952 1297 Sempro-

60 1296 145 1327 niam
166 1299 265 1339 legem
289 1310 368 1340 saepe
391 1300 594 1330 intermissam
619 1310 691 1335 esse,
714 1300 871 1341 repetitam
896 1310 950 1329 au-

61 1345 124 1370 tem
139 1341 186 1371 vel
201 1342 406 1382 rogationibus
429 1343 631 1379 tribunorum,
649 1353 755 1372 auram
770 1343 949 1384 popularem

60 1384 260 1423 captantium,
277 1385 325 1415 vel
344 1386 382 1415 ab
397 1385 471 1426 ipsis
491 1386 690 1427 optimatibus
712 1386 888 1416 auctoritate
903 1395 950 1415 se-

60 1427 159 1464 natos,
177 1437 247 1457 cum
270 1427 424 1458 interesset
442 1431 572 1466 senatsis,
594 1434 628 1458 ut
649 1438 682 1458 se
700 1429 815 1469 populo
838 1428 951 1469 gratio-

61 1477 130 1498 sum
156 1469 303 1509 redderet,
329 1481 424 1512 eoque
449 1471 568 1503 facilius
601 1471 691 1501 tribb.
722 1472 765 1511 pl.
796 1471 949 1501 seditiosas

61 1509 142 1550 leges
162 1513 338 1553 rogantibus
357 1513 492 1544 resistere
514 1520 623 1555 posset.
640 1513 713 1544 vid.
738 1514 893 1544 Plutarch.
917 1514 950 1543 in

64 1552 180 1584 Catone
199 1562 228 1585 et
251 1555 340 1587 Civil.
361 1556 501 1587 Monitis.
524 1561 632 1597 Atque
653 1556 691 1586 de
709 1557 766 1587 hac
785 1555 851 1597 ipsa
870 1557 948 1596 lege,

60 1601 116 1625 aut
127 1603 205 1627 certe
213 1598 251 1629 de
263 1599 383 1637 Clodia,
396 1610 493 1630 sermo
503 1605 547 1630 est
559 1610 607 1641 ap.
621 1599 686 1631 Cic.
697 1599 735 1630 ad
749 1600 818 1629 Att.
833 1598 881 1636 Il,
897 1600 948 1637 19,

61 1638 115 1668 ubi
131 1639 232 1670 Caesar
245 1641 380 1673 minatus
399 1642 584 1673 esse-dicitur
599 1643 659 1683 legi
678 1644 801 1674 Rosciae
817 1649 846 1672 et
864 1643 897 1672 F
896 1653 950 1671 ru-

61 1684 236 1722 mentarz'ae,
246 1685 329 1725 quod
337 1690 458 1716 mortuo
467 1685 577 1726 plausu
584 1685 616 1715 in
626 1686 742 1716 theatro
749 1687 787 1716 ab
798 1685 951 1726 equitibus

62 1725 205 1807 acaelebe
227 1733 367 1809 a)cceptus
388 1733 463 1766 erat,
485 1727 580 1761 Curio
602 1734 704 1760 autem
719 1728 800 1760 filius
816 1737 950 1765 summo,

148 1769 234 1799 lavis.
713 1779 736 1801 D
