<?xml version="1.0" encoding="UTF-8"?>
<!DOCTYPE html PUBLIC "-//W3C//DTD XHTML 1.0 Transitional//EN"
    "http://www.w3.org/TR/xhtml1/DTD/xhtml1-transitional.dtd">
<html xmlns="http://www.w3.org/1999/xhtml" xml:lang="en" lang="en">
 <head>
  <title>
</title>
<meta http-equiv="Content-Type" content="text/html;charset=utf-8" />
  <meta name='ocr-system' content='tesseract 3.04.00' />
  <meta name='ocr-capabilities' content='ocr_page ocr_carea ocr_par ocr_line ocrx_word'/>
</head>
<body>
  <div class='ocr_page' id='page_1' title='image "./operaern12ciceuoft_0434.png"; bbox 0 0 1122 1868; ppageno 0'>
   <div class='ocr_carea' id='block_1_1' title="bbox 165 51 887 86">
    <p class='ocr_par' dir='ltr' id='par_1_1' title="bbox 165 51 887 86">
     <span class='ocr_line' id='line_1_1' title="bbox 165 51 887 86; baseline 0.001 -4"><span class='ocrx_word' id='word_1_1' title='bbox 165 53 229 83; x_wconf 79' lang='lat'>422</span> <span class='ocrx_word' id='word_1_2' title='bbox 316 54 466 85; x_wconf 90' lang='lat' dir='ltr'>INDEX</span> <span class='ocrx_word' id='word_1_3' title='bbox 489 51 887 86; x_wconf 82' lang='lat' dir='ltr'>GRAEco-LATINUS.</span> 
     </span>
    </p>
   </div>
   <div class='ocr_carea' id='block_1_2' title="bbox 163 136 1055 354">
    <p class='ocr_par' dir='ltr' id='par_1_2' title="bbox 163 136 1054 301">
     <span class='ocr_line' id='line_1_2' title="bbox 211 136 1051 179; baseline -0.002 -12"><span class='ocrx_word' id='word_1_4' title='bbox 211 143 298 168; x_wconf 85' lang='grc' dir='ltr'>Αλλα</span> <span class='ocrx_word' id='word_1_5' title='bbox 311 153 362 179; x_wconf 76' lang='grc' dir='ltr'>μεν</span> <span class='ocrx_word' id='word_1_6' title='bbox 387 152 482 175; x_wconf 79' lang='grc' dir='ltr'>αιτος,</span> <span class='ocrx_word' id='word_1_7' title='bbox 507 145 541 170; x_wconf 75' lang='lat' dir='ltr'>ut</span> <span class='ocrx_word' id='word_1_8' title='bbox 569 141 610 170; x_wconf 79' lang='lat' dir='ltr'>ait</span> <span class='ocrx_word' id='word_1_9' title='bbox 628 140 689 177; x_wconf 82' lang='lat' dir='ltr'>ille,</span> <span class='ocrx_word' id='word_1_10' title='bbox 711 144 793 169; x_wconf 80' lang='grc' dir='ltr'>αλλα</span> <span class='ocrx_word' id='word_1_11' title='bbox 816 138 843 167; x_wconf 82' lang='grc' dir='ltr'>δε</span> <span class='ocrx_word' id='word_1_12' title='bbox 867 149 916 168; x_wconf 81' lang='grc' dir='ltr'>και</span> <span class='ocrx_word' id='word_1_13' title='bbox 947 136 1051 175; x_wconf 75' lang='grc' dir='ltr'><em>δαιμων</em></span> 
     </span>
     <span class='ocr_line' id='line_1_3' title="bbox 164 180 1054 224; baseline -0.011 -7"><span class='ocrx_word' id='word_1_14' title='bbox 164 180 359 219; x_wconf 59' lang='grc' dir='ltr'>ὑποθήσεται,</span> <span class='ocrx_word' id='word_1_15' title='bbox 374 184 432 213; x_wconf 79' lang='lat' dir='ltr'>alia</span> <span class='ocrx_word' id='word_1_16' title='bbox 447 185 561 223; x_wconf 79' lang='lat' dir='ltr'>quz&#39;rlem</span> <span class='ocrx_word' id='word_1_17' title='bbox 573 185 713 224; x_wconf 75' lang='lat' dir='ltr'>ipse,alia</span> <span class='ocrx_word' id='word_1_18' title='bbox 727 188 825 211; x_wconf 75' lang='lat' dir='ltr'>autem</span> <span class='ocrx_word' id='word_1_19' title='bbox 834 181 878 211; x_wconf 80' lang='lat' dir='ltr'>vel</span> <span class='ocrx_word' id='word_1_20' title='bbox 889 181 976 211; x_wconf 83' lang='lat' dir='ltr'>Deus</span> <span class='ocrx_word' id='word_1_21' title='bbox 986 190 1054 217; x_wconf 83' lang='lat' dir='ltr'>sug-</span> 
     </span>
     <span class='ocr_line' id='line_1_4' title="bbox 163 223 1053 301; baseline -0.007 -44"><span class='ocrx_word' id='word_1_22' title='bbox 163 229 258 301; x_wconf 48' lang='grc' dir='ltr'>ὅὲςῖνεί,</span> <span class='ocrx_word' id='word_1_23' title='bbox 279 225 318 256; x_wconf 87' lang='lat' dir='ltr'>ad</span> <span class='ocrx_word' id='word_1_24' title='bbox 333 226 404 258; x_wconf 85' lang='lat' dir='ltr'>Att.</span> <span class='ocrx_word' id='word_1_25' title='bbox 422 226 484 264; x_wconf 89' lang='lat' dir='ltr'>IX,</span> <span class='ocrx_word' id='word_1_26' title='bbox 502 229 548 258; x_wconf 85' lang='grc'>15.</span> <span class='ocrx_word' id='word_1_27' title='bbox 565 237 603 257; x_wconf 82' lang='lat' dir='ltr'>ex</span> <span class='ocrx_word' id='word_1_28' title='bbox 620 225 715 256; x_wconf 88' lang='lat' dir='ltr'>Hom.</span> <span class='ocrx_word' id='word_1_29' title='bbox 733 225 845 265; x_wconf 84' lang='lat' dir='ltr'>Odyss.</span> <span class='ocrx_word' id='word_1_30' title='bbox 863 229 896 262; x_wconf 81' lang='lat' dir='ltr'>F,</span> <span class='ocrx_word' id='word_1_31' title='bbox 912 233 942 254; x_wconf 87' lang='lat' dir='ltr'>v.</span> <span class='ocrx_word' id='word_1_32' title='bbox 954 223 1006 252; x_wconf 81' lang='lat'>26.</span> <span class='ocrx_word' id='word_1_33' title='bbox 1023 226 1053 253; x_wconf 85' lang='lat' dir='ltr'>et</span> 
     </span>
    </p>

    <p class='ocr_par' dir='ltr' id='par_1_3' title="bbox 212 315 1055 354">
     <span class='ocr_line' id='line_1_5' title="bbox 212 315 1055 354; baseline -0.002 -16"><span class='ocrx_word' id='word_1_34' title='bbox 212 315 300 340; x_wconf 74' lang='grc' dir='ltr'>Αλλα</span> <span class='ocrx_word' id='word_1_35' title='bbox 316 325 419 351; x_wconf 77' lang='grc' dir='ltr'><em>ταμεν</em></span> <span class='ocrx_word' id='word_1_36' title='bbox 443 315 640 354; x_wconf 62' lang='grc' dir='ltr'><em>προτετυχὲαι</em></span> <span class='ocrx_word' id='word_1_37' title='bbox 666 322 798 350; x_wconf 80' lang='grc' dir='ltr'>εασομεν,</span> <span class='ocrx_word' id='word_1_38' title='bbox 821 320 965 350; x_wconf 81' lang='grc' dir='ltr'><strong><em>αχνυμενοι</em></strong></span> <span class='ocrx_word' id='word_1_39' title='bbox 988 320 1055 347; x_wconf 81' lang='grc' dir='ltr'><em>περ,</em></span> 
     </span>
    </p>
   </div>
   <div class='ocr_carea' id='block_1_3' title="bbox 167 352 1062 949">
    <p class='ocr_par' dir='ltr' id='par_1_4' title="bbox 167 352 1059 477">
     <span class='ocr_line' id='line_1_6' title="bbox 168 352 1059 395; baseline -0.006 -11"><span class='ocrx_word' id='word_1_40' title='bbox 168 352 219 382; x_wconf 79' lang='lat' dir='ltr'>sed</span> <span class='ocrx_word' id='word_1_41' title='bbox 232 352 291 384; x_wconf 77' lang='lat' dir='ltr'>haec</span> <span class='ocrx_word' id='word_1_42' title='bbox 305 356 432 395; x_wconf 74' lang='lat' dir='ltr'>quidem,</span> <span class='ocrx_word' id='word_1_43' title='bbox 446 367 509 395; x_wconf 70' lang='lat' dir='ltr'>quae.</span> <span class='ocrx_word' id='word_1_44' title='bbox 532 361 598 385; x_wconf 76' lang='lat' dir='ltr'>ante</span> <span class='ocrx_word' id='word_1_45' title='bbox 620 360 686 385; x_wconf 79' lang='lat' dir='ltr'>acta</span> <span class='ocrx_word' id='word_1_46' title='bbox 708 359 787 391; x_wconf 81' lang='lat' dir='ltr'>sunt,</span> <span class='ocrx_word' id='word_1_47' title='bbox 803 354 975 388; x_wconf 74' lang='lat' dir='ltr'>omittemus,</span> <span class='ocrx_word' id='word_1_48' title='bbox 993 352 1059 380; x_wconf 78' lang='lat' dir='ltr'>licet</span> 
     </span>
     <span class='ocr_line' id='line_1_7' title="bbox 167 393 1056 437; baseline -0.001 -13"><span class='ocrx_word' id='word_1_49' title='bbox 167 405 235 424; x_wconf 84' lang='lat' dir='ltr'>cum</span> <span class='ocrx_word' id='word_1_50' title='bbox 250 408 379 434; x_wconf 71' lang='lat' dir='ltr'>maerore,</span> <span class='ocrx_word' id='word_1_51' title='bbox 396 399 435 429; x_wconf 87' lang='lat' dir='ltr'>ad</span> <span class='ocrx_word' id='word_1_52' title='bbox 450 400 516 428; x_wconf 85' lang='lat' dir='ltr'>Att.</span> <span class='ocrx_word' id='word_1_53' title='bbox 534 398 614 437; x_wconf 85' lang='lat' dir='ltr'>VII,</span> <span class='ocrx_word' id='word_1_54' title='bbox 633 402 659 429; x_wconf 87' lang='lat'>1.</span> <span class='ocrx_word' id='word_1_55' title='bbox 677 397 721 435; x_wconf 90' lang='lat' dir='ltr'>X,</span> <span class='ocrx_word' id='word_1_56' title='bbox 737 398 785 427; x_wconf 77' lang='lat'>12.</span> <span class='ocrx_word' id='word_1_57' title='bbox 801 407 839 427; x_wconf 82' lang='lat' dir='ltr'>ex</span> <span class='ocrx_word' id='word_1_58' title='bbox 852 395 949 426; x_wconf 88' lang='lat' dir='ltr'>Hom.</span> <span class='ocrx_word' id='word_1_59' title='bbox 967 393 1056 424; x_wconf 80' lang='lat' dir='ltr'><strong>Iliad.</strong></span> 
     </span>
     <span class='ocr_line' id='line_1_8' title="bbox 172 442 536 477; baseline 0 -6"><span class='ocrx_word' id='word_1_60' title='bbox 172 442 205 476; x_wconf 68' lang='grc' dir='ltr'>Σ,</span> <span class='ocrx_word' id='word_1_61' title='bbox 222 449 249 469; x_wconf 81' lang='lat' dir='ltr'>V·</span> <span class='ocrx_word' id='word_1_62' title='bbox 271 444 339 472; x_wconf 59' lang='lat' dir='ltr'><strong>ll?-</strong></span> <span class='ocrx_word' id='word_1_63' title='bbox 353 448 382 472; x_wconf 74' lang='lat' dir='ltr'>et</span> <span class='ocrx_word' id='word_1_64' title='bbox 394 447 425 477; x_wconf 64' lang='lat' dir='ltr'>T,</span> <span class='ocrx_word' id='word_1_65' title='bbox 440 453 468 472; x_wconf 81' lang='lat' dir='ltr'>V·</span> <span class='ocrx_word' id='word_1_66' title='bbox 486 443 536 471; x_wconf 76' lang='grc'>65.</span> 
     </span>
    </p>

    <p class='ocr_par' dir='ltr' id='par_1_5' title="bbox 210 481 986 525">
     <span class='ocr_line' id='line_1_9' title="bbox 210 481 986 525; baseline -0.004 -12"><span class='ocrx_word' id='word_1_67' title='bbox 210 486 393 524; x_wconf 68' lang='grc' dir='ltr'><strong>Αλληγορια,</strong></span> <span class='ocrx_word' id='word_1_68' title='bbox 408 485 517 525; x_wconf 81' lang='lat' dir='ltr'>figura,</span> <span class='ocrx_word' id='word_1_69' title='bbox 535 484 571 514; x_wconf 89' lang='lat' dir='ltr'>de</span> <span class='ocrx_word' id='word_1_70' title='bbox 584 483 646 525; x_wconf 58' lang='lat' dir='ltr'>quiz</span> <span class='ocrx_word' id='word_1_71' title='bbox 661 485 803 515; x_wconf 82' lang='lat' dir='ltr'><strong>rhetores.</strong></span> <span class='ocrx_word' id='word_1_72' title='bbox 827 481 915 512; x_wconf 85' lang='lat' dir='ltr'><strong>Orat.</strong></span> <span class='ocrx_word' id='word_1_73' title='bbox 934 483 986 513; x_wconf 84' lang='lat'>27.</span> 
     </span>
    </p>

    <p class='ocr_par' dir='ltr' id='par_1_6' title="bbox 171 528 1060 608">
     <span class='ocr_line' id='line_1_10' title="bbox 213 528 1060 567; baseline 0 -13"><span class='ocrx_word' id='word_1_74' title='bbox 213 529 422 567; x_wconf 64' lang='grc' dir='ltr'>Αλληγοριαιᾳ,</span> <span class='ocrx_word' id='word_1_75' title='bbox 438 528 529 557; x_wconf 73' lang='lat' dir='ltr'>verbis</span> <span class='ocrx_word' id='word_1_76' title='bbox 543 528 634 556; x_wconf 82' lang='lat' dir='ltr'>alium</span> <span class='ocrx_word' id='word_1_77' title='bbox 650 537 778 562; x_wconf 77' lang='lat' dir='ltr'>sensum,</span> <span class='ocrx_word' id='word_1_78' title='bbox 793 535 878 566; x_wconf 74' lang='lat' dir='ltr'>quam</span> <span class='ocrx_word' id='word_1_79' title='bbox 893 534 975 565; x_wconf 71' lang='lat' dir='ltr'>quem</span> <span class='ocrx_word' id='word_1_80' title='bbox 1000 533 1060 563; x_wconf 80' lang='lat' dir='ltr'>proe</span> 
     </span>
     <span class='ocr_line' id='line_1_11' title="bbox 171 566 792 608; baseline 0.005 -12"><span class='ocrx_word' id='word_1_81' title='bbox 171 566 326 607; x_wconf 74' lang='lat' dir='ltr'>seferzmt,</span> <span class='ocrx_word' id='word_1_82' title='bbox 344 571 522 608; x_wconf 74' lang='lat' dir='ltr'>habentibus,</span> <span class='ocrx_word' id='word_1_83' title='bbox 539 569 578 600; x_wconf 85' lang='lat' dir='ltr'>ad</span> <span class='ocrx_word' id='word_1_84' title='bbox 592 571 662 600; x_wconf 81' lang='lat' dir='ltr'>Att.</span> <span class='ocrx_word' id='word_1_85' title='bbox 676 571 723 608; x_wconf 90' lang='lat' dir='ltr'>II,</span> <span class='ocrx_word' id='word_1_86' title='bbox 741 571 792 599; x_wconf 78' lang='grc'>20.</span> 
     </span>
    </p>

    <p class='ocr_par' dir='ltr' id='par_1_7' title="bbox 216 609 968 654">
     <span class='ocr_line' id='line_1_12' title="bbox 216 609 968 654; baseline 0 -15"><span class='ocrx_word' id='word_1_87' title='bbox 216 615 296 642; x_wconf 81' lang='grc' dir='ltr'>Αλλο</span> <span class='ocrx_word' id='word_1_88' title='bbox 312 614 483 654; x_wconf 66' lang='grc' dir='ltr'>προβλημα,</span> <span class='ocrx_word' id='word_1_89' title='bbox 499 614 560 643; x_wconf 80' lang='lat' dir='ltr'>alia</span> <span class='ocrx_word' id='word_1_90' title='bbox 574 615 702 653; x_wconf 63' lang='lat' dir='ltr'>quaestio,</span> <span class='ocrx_word' id='word_1_91' title='bbox 719 613 757 643; x_wconf 86' lang='lat' dir='ltr'>ad</span> <span class='ocrx_word' id='word_1_92' title='bbox 772 612 841 642; x_wconf 90' lang='lat' dir='ltr'>Att.</span> <span class='ocrx_word' id='word_1_93' title='bbox 855 609 918 648; x_wconf 91' lang='lat' dir='ltr'>VI,</span> <span class='ocrx_word' id='word_1_94' title='bbox 937 611 968 639; x_wconf 86' lang='lat'>5.</span> 
     </span>
    </p>

    <p class='ocr_par' dir='ltr' id='par_1_8' title="bbox 170 652 1061 782">
     <span class='ocr_line' id='line_1_13' title="bbox 212 652 1061 692; baseline -0.002 -8"><span class='ocrx_word' id='word_1_95' title='bbox 212 657 322 690; x_wconf 76' lang='grc' dir='ltr'>Αλλοις</span> <span class='ocrx_word' id='word_1_96' title='bbox 336 669 359 684; x_wconf 86' lang='grc' dir='ltr'>εν</span> <span class='ocrx_word' id='word_1_97' title='bbox 376 658 490 690; x_wconf 50' lang='lat' dir='ltr'>ermom</span> <span class='ocrx_word' id='word_1_98' title='bbox 502 668 549 685; x_wconf 82' lang='grc' dir='ltr'>τον</span> <span class='ocrx_word' id='word_1_99' title='bbox 560 656 582 685; x_wconf 70' lang='grc' dir='ltr'>’δ’</span> <span class='ocrx_word' id='word_1_100' title='bbox 601 659 770 686; x_wconf 55' lang='lat' dir='ltr'>amem-rou</span> <span class='ocrx_word' id='word_1_101' title='bbox 781 656 880 692; x_wconf 71' lang='grc' dir='ltr'><em>ψογον,</em></span> <span class='ocrx_word' id='word_1_102' title='bbox 896 653 962 683; x_wconf 76' lang='lat' dir='ltr'>aliis</span> <span class='ocrx_word' id='word_1_103' title='bbox 982 652 1061 682; x_wconf 67' lang='lat' dir='ltr'>hortis</span> 
     </span>
     <span class='ocr_line' id='line_1_14' title="bbox 170 695 1059 739; baseline -0.001 -13"><span class='ocrx_word' id='word_1_104' title='bbox 170 695 256 726; x_wconf 74' lang='lat' dir='ltr'>‘rebus</span> <span class='ocrx_word' id='word_1_105' title='bbox 278 699 396 739; x_wconf 59' lang='lat' dir='ltr'>agendis-</span> <span class='ocrx_word' id='word_1_106' title='bbox 415 698 490 728; x_wconf 76' lang='lat' dir='ltr'>hanc</span> <span class='ocrx_word' id='word_1_107' title='bbox 513 699 657 728; x_wconf 75' lang='lat' dir='ltr'><em>maculam</em></span> <span class='ocrx_word' id='word_1_108' title='bbox 675 700 789 736; x_wconf 74' lang='lat' dir='ltr'>eluunt,</span> <span class='ocrx_word' id='word_1_109' title='bbox 813 697 852 728; x_wconf 87' lang='lat' dir='ltr'>ad</span> <span class='ocrx_word' id='word_1_110' title='bbox 878 697 948 727; x_wconf 86' lang='lat' dir='ltr'>Att.</span> <span class='ocrx_word' id='word_1_111' title='bbox 961 695 1059 732; x_wconf 82' lang='lat' dir='ltr'>XIV,</span> 
     </span>
     <span class='ocr_line' id='line_1_15' title="bbox 174 741 711 782; baseline 0.004 -13"><span class='ocrx_word' id='word_1_112' title='bbox 174 741 227 769; x_wconf 80' lang='lat'>22.</span> <span class='ocrx_word' id='word_1_113' title='bbox 244 741 376 772; x_wconf 85' lang='lat' dir='ltr'>senarius</span> <span class='ocrx_word' id='word_1_114' title='bbox 388 743 485 782; x_wconf 79' lang='lat' dir='ltr'>po‘e&#39;tae</span> <span class='ocrx_word' id='word_1_115' title='bbox 501 742 600 772; x_wconf 87' lang='lat' dir='ltr'>nescio</span> <span class='ocrx_word' id='word_1_116' title='bbox 615 743 711 781; x_wconf 89' lang='lat' dir='ltr'>cujus.</span> 
     </span>
    </p>

    <p class='ocr_par' dir='ltr' id='par_1_9' title="bbox 213 784 834 824">
     <span class='ocr_line' id='line_1_16' title="bbox 213 784 834 824; baseline 0.002 -12"><span class='ocrx_word' id='word_1_117' title='bbox 213 787 362 821; x_wconf 53' lang='lat' dir='ltr'>Akoynim,</span> <span class='ocrx_word' id='word_1_118' title='bbox 372 785 550 824; x_wconf 72' lang='lat' dir='ltr'>negligatur,</span> <span class='ocrx_word' id='word_1_119' title='bbox 565 784 603 814; x_wconf 80' lang='lat' dir='ltr'>ad</span> <span class='ocrx_word' id='word_1_120' title='bbox 617 787 686 815; x_wconf 90' lang='lat' dir='ltr'>Att.</span> <span class='ocrx_word' id='word_1_121' title='bbox 703 784 787 821; x_wconf 89' lang='lat' dir='ltr'>XII,</span> <span class='ocrx_word' id='word_1_122' title='bbox 803 784 834 813; x_wconf 90' lang='grc'>3.</span> 
     </span>
    </p>

    <p class='ocr_par' dir='ltr' id='par_1_10' title="bbox 173 820 1062 941">
     <span class='ocr_line' id='line_1_17' title="bbox 215 820 1031 866; baseline 0.001 -12"><span class='ocrx_word' id='word_1_123' title='bbox 215 820 401 863; x_wconf 52' lang='grc' dir='ltr'>Αλογισῖτως,</span> <span class='ocrx_word' id='word_1_124' title='bbox 418 828 641 866; x_wconf 71' lang='lat' dir='ltr'><em>inconsiderate,</em></span> <span class='ocrx_word' id='word_1_125' title='bbox 655 829 754 864; x_wconf 79' lang='lat' dir='ltr'>stulte,</span> <span class='ocrx_word' id='word_1_126' title='bbox 770 826 809 857; x_wconf 86' lang='lat' dir='ltr'>ad</span> <span class='ocrx_word' id='word_1_127' title='bbox 822 825 888 857; x_wconf 86' lang='lat' dir='ltr'>Att.</span> <span class='ocrx_word' id='word_1_128' title='bbox 900 825 963 860; x_wconf 81' lang='lat' dir='ltr'>IX,</span> <span class='ocrx_word' id='word_1_129' title='bbox 982 825 1031 855; x_wconf 84' lang='grc'>10.</span> 
     </span>
     <span class='ocr_line' id='line_1_18' title="bbox 173 867 1062 941; baseline 0.012 -45"><span class='ocrx_word' id='word_1_130' title='bbox 173 872 345 941; x_wconf 52' lang='grc' dir='ltr'>Χΐῑλογως,</span> <span class='ocrx_word' id='word_1_131' title='bbox 371 871 431 900; x_wconf 82' lang='lat' dir='ltr'>sine</span> <span class='ocrx_word' id='word_1_132' title='bbox 453 872 579 909; x_wconf 75' lang='lat' dir='ltr'>ratione,</span> <span class='ocrx_word' id='word_1_133' title='bbox 605 878 723 910; x_wconf 78' lang='lat' dir='ltr'>temere,</span> <span class='ocrx_word' id='word_1_134' title='bbox 745 870 785 900; x_wconf 89' lang='lat' dir='ltr'>ad</span> <span class='ocrx_word' id='word_1_135' title='bbox 809 869 877 900; x_wconf 89' lang='lat' dir='ltr'>Att.</span> <span class='ocrx_word' id='word_1_136' title='bbox 903 867 985 906; x_wconf 63' lang='lat' dir='ltr'>XII,</span> <span class='ocrx_word' id='word_1_137' title='bbox 1009 868 1062 898; x_wconf 85' lang='lat'>35·</span> 
     </span>
    </p>

    <p class='ocr_par' dir='ltr' id='par_1_11' title="bbox 248 911 343 949">
     <span class='ocr_line' id='line_1_19' title="bbox 248 911 343 949; baseline 0.011 -8"><span class='ocrx_word' id='word_1_138' title='bbox 248 911 275 949; x_wconf 90' lang='lat' dir='ltr'>I,</span> <span class='ocrx_word' id='word_1_139' title='bbox 292 913 343 942; x_wconf 80' lang='lat'>48.</span> 
     </span>
    </p>
   </div>
   <div class='ocr_carea' id='block_1_4' title="bbox 175 953 1076 1725">
    <p class='ocr_par' dir='ltr' id='par_1_12' title="bbox 175 953 1061 1036">
     <span class='ocr_line' id='line_1_20' title="bbox 214 953 1061 996; baseline 0.001 -14"><span class='ocrx_word' id='word_1_140' title='bbox 214 953 292 983; x_wconf 63' lang='lat' dir='ltr'>‘Aua</span> <span class='ocrx_word' id='word_1_141' title='bbox 308 967 428 991; x_wconf 69' lang='grc' dir='ltr'>προσσω</span> <span class='ocrx_word' id='word_1_142' title='bbox 445 968 492 985; x_wconf 83' lang='grc' dir='ltr'>και</span> <span class='ocrx_word' id='word_1_143' title='bbox 508 968 635 991; x_wconf 66' lang='lat' dir='ltr'>omen-w,</span> <span class='ocrx_word' id='word_1_144' title='bbox 648 956 734 985; x_wconf 80' lang='lat' dir='ltr'>simul</span> <span class='ocrx_word' id='word_1_145' title='bbox 748 955 875 996; x_wconf 68' lang='lat' dir='ltr'>afrome</span> <span class='ocrx_word' id='word_1_146' title='bbox 894 961 922 986; x_wconf 81' lang='lat' dir='ltr'>et</span> <span class='ocrx_word' id='word_1_147' title='bbox 937 966 954 985; x_wconf 88' lang='grc' dir='ltr'><em>α</em></span> <span class='ocrx_word' id='word_1_148' title='bbox 968 960 1061 995; x_wconf 80' lang='lat' dir='ltr'>tergo,</span> 
     </span>
     <span class='ocr_line' id='line_1_21' title="bbox 175 996 894 1036; baseline 0.003 -9"><span class='ocrx_word' id='word_1_149' title='bbox 175 996 215 1027; x_wconf 85' lang='lat' dir='ltr'>ad</span> <span class='ocrx_word' id='word_1_150' title='bbox 231 997 306 1027; x_wconf 80' lang='lat' dir='ltr'>Div.</span> <span class='ocrx_word' id='word_1_151' title='bbox 322 998 424 1036; x_wconf 86' lang='lat' dir='ltr'>XIII,</span> <span class='ocrx_word' id='word_1_152' title='bbox 450 1002 498 1030; x_wconf 91' lang='lat'>15.</span> <span class='ocrx_word' id='word_1_153' title='bbox 514 999 642 1029; x_wconf 85' lang='lat' dir='ltr'>Homer.</span> <span class='ocrx_word' id='word_1_154' title='bbox 660 998 748 1029; x_wconf 81' lang='lat' dir='ltr'>Iliad.</span> <span class='ocrx_word' id='word_1_155' title='bbox 764 999 809 1035; x_wconf 87' lang='lat' dir='ltr'>A,</span> <span class='ocrx_word' id='word_1_156' title='bbox 820 999 894 1029; x_wconf 72' lang='lat'><strong>343.</strong></span> 
     </span>
    </p>

    <p class='ocr_par' dir='ltr' id='par_1_13' title="bbox 218 1041 821 1080">
     <span class='ocr_line' id='line_1_22' title="bbox 218 1041 821 1080; baseline 0.003 -11"><span class='ocrx_word' id='word_1_157' title='bbox 218 1043 385 1079; x_wconf 64' lang='grc' dir='ltr'>Αμαλὲεια,</span> <span class='ocrx_word' id='word_1_158' title='bbox 402 1041 570 1080; x_wconf 81' lang='lat' dir='ltr'>Amalthea,</span> <span class='ocrx_word' id='word_1_159' title='bbox 587 1041 626 1072; x_wconf 85' lang='lat' dir='ltr'>ad</span> <span class='ocrx_word' id='word_1_160' title='bbox 640 1042 708 1072; x_wconf 84' lang='lat' dir='ltr'>Att.</span> <span class='ocrx_word' id='word_1_161' title='bbox 726 1042 755 1079; x_wconf 92' lang='lat' dir='ltr'>I,</span> <span class='ocrx_word' id='word_1_162' title='bbox 772 1042 821 1071; x_wconf 87' lang='grc'>16.</span> 
     </span>
    </p>

    <p class='ocr_par' dir='ltr' id='par_1_14' title="bbox 178 1084 1076 1683">
     <span class='ocr_line' id='line_1_23' title="bbox 220 1084 1068 1124; baseline 0.002 -13"><span class='ocrx_word' id='word_1_163' title='bbox 220 1085 397 1121; x_wconf 47' lang='lat' dir='ltr'>Aluum-stov,</span> <span class='ocrx_word' id='word_1_164' title='bbox 422 1085 625 1122; x_wconf 78' lang='lat' dir='ltr'>Amaltheum,</span> <span class='ocrx_word' id='word_1_165' title='bbox 643 1084 682 1115; x_wconf 86' lang='lat' dir='ltr'>ad</span> <span class='ocrx_word' id='word_1_166' title='bbox 696 1087 765 1115; x_wconf 82' lang='lat' dir='ltr'>Att.</span> <span class='ocrx_word' id='word_1_167' title='bbox 783 1084 811 1121; x_wconf 93' lang='lat' dir='ltr'>I,</span> <span class='ocrx_word' id='word_1_168' title='bbox 837 1084 886 1115; x_wconf 85' lang='lat'>16.</span> <span class='ocrx_word' id='word_1_169' title='bbox 910 1084 969 1114; x_wconf 85' lang='lat' dir='ltr'>Est</span> <span class='ocrx_word' id='word_1_170' title='bbox 989 1092 1068 1124; x_wconf 86' lang='lat' dir='ltr'>prae-</span> 
     </span>
     <span class='ocr_line' id='line_1_24' title="bbox 178 1124 1067 1168; baseline -0.002 -13"><span class='ocrx_word' id='word_1_171' title='bbox 178 1124 265 1155; x_wconf 83' lang='lat' dir='ltr'>dium</span> <span class='ocrx_word' id='word_1_172' title='bbox 295 1126 404 1164; x_wconf 88' lang='lat' dir='ltr'>Attici,</span> <span class='ocrx_word' id='word_1_173' title='bbox 436 1128 485 1158; x_wconf 90' lang='lat' dir='ltr'>cui</span> <span class='ocrx_word' id='word_1_174' title='bbox 514 1137 626 1158; x_wconf 86' lang='lat' dir='ltr'>nomen</span> <span class='ocrx_word' id='word_1_175' title='bbox 655 1127 803 1168; x_wconf 83' lang='lat' dir='ltr'>imposuit</span> <span class='ocrx_word' id='word_1_176' title='bbox 825 1128 864 1158; x_wconf 90' lang='lat' dir='ltr'>ab</span> <span class='ocrx_word' id='word_1_177' title='bbox 899 1129 1067 1165; x_wconf 65' lang='grc' dir='ltr'>Αμαλὲειᾳ.</span> 
     </span>
     <span class='ocr_line' id='line_1_25' title="bbox 178 1168 1069 1211; baseline 0 -13"><span class='ocrx_word' id='word_1_178' title='bbox 178 1168 345 1199; x_wconf 84' lang='lat' dir='ltr'>Amalthea</span> <span class='ocrx_word' id='word_1_179' title='bbox 367 1170 399 1199; x_wconf 93' lang='lat' dir='ltr'>in</span> <span class='ocrx_word' id='word_1_180' title='bbox 422 1170 533 1201; x_wconf 85' lang='lat' dir='ltr'>fabulis</span> <span class='ocrx_word' id='word_1_181' title='bbox 549 1181 618 1211; x_wconf 86' lang='lat' dir='ltr'>quae</span> <span class='ocrx_word' id='word_1_182' title='bbox 640 1170 688 1207; x_wconf 84' lang='lat' dir='ltr'>sit,</span> <span class='ocrx_word' id='word_1_183' title='bbox 713 1176 820 1200; x_wconf 86' lang='lat' dir='ltr'>notum</span> <span class='ocrx_word' id='word_1_184' title='bbox 837 1176 899 1200; x_wconf 86' lang='lat' dir='ltr'>est:</span> <span class='ocrx_word' id='word_1_185' title='bbox 926 1169 978 1200; x_wconf 87' lang='lat' dir='ltr'>sed</span> <span class='ocrx_word' id='word_1_186' title='bbox 998 1168 1019 1198; x_wconf 89' lang='lat' dir='ltr'>l.</span> <span class='ocrx_word' id='word_1_187' title='bbox 1043 1178 1069 1198; x_wconf 67' lang='grc' dir='ltr'>α</span> 
     </span>
     <span class='ocr_line' id='line_1_26' title="bbox 179 1209 1070 1254; baseline -0.001 -13"><span class='ocrx_word' id='word_1_188' title='bbox 179 1217 224 1242; x_wconf 87' lang='lat' dir='ltr'>est</span> <span class='ocrx_word' id='word_1_189' title='bbox 232 1212 440 1252; x_wconf 85' lang='lat' dir='ltr'>gymnasium,</span> <span class='ocrx_word' id='word_1_190' title='bbox 457 1219 509 1244; x_wconf 85' lang='lat' dir='ltr'>aut</span> <span class='ocrx_word' id='word_1_191' title='bbox 524 1213 624 1251; x_wconf 83' lang='lat' dir='ltr'>diaeta,</span> <span class='ocrx_word' id='word_1_192' title='bbox 640 1213 746 1254; x_wconf 68' lang='lat' dir='ltr'>praedii</span> <span class='ocrx_word' id='word_1_193' title='bbox 761 1212 918 1254; x_wconf 84' lang='lat' dir='ltr'>Epirotici.</span> <span class='ocrx_word' id='word_1_194' title='bbox 935 1212 1006 1242; x_wconf 89' lang='lat' dir='ltr'>Lib.</span> <span class='ocrx_word' id='word_1_195' title='bbox 1023 1209 1070 1249; x_wconf 86' lang='lat' dir='ltr'>II,</span> 
     </span>
     <span class='ocr_line' id='line_1_27' title="bbox 182 1253 1072 1296; baseline -0.001 -12"><span class='ocrx_word' id='word_1_196' title='bbox 182 1264 230 1294; x_wconf 88' lang='lat' dir='ltr'>ep.</span> <span class='ocrx_word' id='word_1_197' title='bbox 252 1256 278 1292; x_wconf 85' lang='lat'>1,</span> <span class='ocrx_word' id='word_1_198' title='bbox 296 1254 402 1286; x_wconf 90' lang='lat' dir='ltr'>Cicero</span> <span class='ocrx_word' id='word_1_199' title='bbox 413 1256 503 1287; x_wconf 79' lang='lat' dir='ltr'>dicit:</span> <span class='ocrx_word' id='word_1_200' title='bbox 531 1258 553 1275; x_wconf 75' lang='lat'>‘⁴</span> <span class='ocrx_word' id='word_1_201' title='bbox 569 1256 738 1287; x_wconf 75' lang='lat' dir='ltr'>Amalthea</span> <span class='ocrx_word' id='word_1_202' title='bbox 752 1267 822 1286; x_wconf 83' lang='lat' dir='ltr'>mea</span> <span class='ocrx_word' id='word_1_203' title='bbox 840 1261 870 1286; x_wconf 86' lang='lat' dir='ltr'>te</span> <span class='ocrx_word' id='word_1_204' title='bbox 885 1253 1072 1296; x_wconf 81' lang='lat' dir='ltr'>exspectat.‘’</span> 
     </span>
     <span class='ocr_line' id='line_1_28' title="bbox 180 1296 1072 1340; baseline 0 -14"><span class='ocrx_word' id='word_1_205' title='bbox 180 1296 262 1327; x_wconf 90' lang='lat' dir='ltr'>Eam</span> <span class='ocrx_word' id='word_1_206' title='bbox 277 1297 370 1329; x_wconf 82' lang='lat' dir='ltr'>fuisse</span> <span class='ocrx_word' id='word_1_207' title='bbox 389 1299 585 1340; x_wconf 83' lang='lat' dir='ltr'>gymnasium</span> <span class='ocrx_word' id='word_1_208' title='bbox 608 1299 641 1330; x_wconf 92' lang='lat' dir='ltr'>in</span> <span class='ocrx_word' id='word_1_209' title='bbox 665 1299 822 1340; x_wconf 81' lang='lat' dir='ltr'>Arpinati,</span> <span class='ocrx_word' id='word_1_210' title='bbox 851 1299 901 1340; x_wconf 84' lang='lat' dir='ltr'>(ut</span> <span class='ocrx_word' id='word_1_211' title='bbox 917 1296 1072 1329; x_wconf 86' lang='lat' dir='ltr'>Corradus</span> 
     </span>
     <span class='ocr_line' id='line_1_29' title="bbox 181 1338 1072 1384; baseline 0 -15"><span class='ocrx_word' id='word_1_212' title='bbox 181 1338 238 1378; x_wconf 81' lang='lat' dir='ltr'>ait)</span> <span class='ocrx_word' id='word_1_213' title='bbox 255 1342 424 1373; x_wconf 85' lang='lat' dir='ltr'>verosimile</span> <span class='ocrx_word' id='word_1_214' title='bbox 440 1348 495 1379; x_wconf 80' lang='lat' dir='ltr'>est,</span> <span class='ocrx_word' id='word_1_215' title='bbox 512 1349 566 1373; x_wconf 88' lang='lat' dir='ltr'>aut</span> <span class='ocrx_word' id='word_1_216' title='bbox 577 1342 710 1379; x_wconf 82' lang='lat' dir='ltr'>djaetam,</span> <span class='ocrx_word' id='word_1_217' title='bbox 722 1353 828 1384; x_wconf 87' lang='lat' dir='ltr'>quam,</span> <span class='ocrx_word' id='word_1_218' title='bbox 840 1342 977 1372; x_wconf 83' lang='lat' dir='ltr'>imitatus</span> <span class='ocrx_word' id='word_1_219' title='bbox 989 1339 1072 1370; x_wconf 82' lang='lat' dir='ltr'>Atti-</span> 
     </span>
     <span class='ocr_line' id='line_1_30' title="bbox 183 1383 1073 1419; baseline 0 -7"><span class='ocrx_word' id='word_1_220' title='bbox 183 1392 267 1419; x_wconf 87' lang='lat' dir='ltr'>cum,</span> <span class='ocrx_word' id='word_1_221' title='bbox 285 1383 390 1415; x_wconf 90' lang='lat' dir='ltr'>Cicero</span> <span class='ocrx_word' id='word_1_222' title='bbox 411 1392 610 1416; x_wconf 79' lang='lat' dir='ltr'>exstruxerat.</span> <span class='ocrx_word' id='word_1_223' title='bbox 634 1385 673 1416; x_wconf 89' lang='lat' dir='ltr'>In</span> <span class='ocrx_word' id='word_1_224' title='bbox 697 1385 754 1416; x_wconf 86' lang='lat' dir='ltr'>hac</span> <span class='ocrx_word' id='word_1_225' title='bbox 774 1384 943 1416; x_wconf 67' lang='lat' dir='ltr'>Amalthe31</span> <span class='ocrx_word' id='word_1_226' title='bbox 965 1383 998 1414; x_wconf 89' lang='lat' dir='ltr'>J.</span> <span class='ocrx_word' id='word_1_227' title='bbox 1021 1383 1073 1412; x_wconf 86' lang='lat' dir='ltr'>Fr.</span> 
     </span>
     <span class='ocr_line' id='line_1_31' title="bbox 184 1425 1074 1469; baseline 0.001 -15"><span class='ocrx_word' id='word_1_228' title='bbox 184 1425 356 1458; x_wconf 86' lang='lat' dir='ltr'>Gronovius</span> <span class='ocrx_word' id='word_1_229' title='bbox 380 1430 508 1469; x_wconf 86' lang='lat' dir='ltr'>putabat</span> <span class='ocrx_word' id='word_1_230' title='bbox 522 1429 658 1469; x_wconf 85' lang='lat' dir='ltr'>posuisse</span> <span class='ocrx_word' id='word_1_231' title='bbox 679 1429 817 1459; x_wconf 88' lang='lat' dir='ltr'>Atticum</span> <span class='ocrx_word' id='word_1_232' title='bbox 833 1427 979 1468; x_wconf 83' lang='lat' dir='ltr'>imagines</span> <span class='ocrx_word' id='word_1_233' title='bbox 994 1425 1074 1456; x_wconf 90' lang='lat' dir='ltr'>viro-</span> 
     </span>
     <span class='ocr_line' id='line_1_32' title="bbox 182 1468 1073 1512; baseline 0.002 -16"><span class='ocrx_word' id='word_1_234' title='bbox 182 1477 252 1497; x_wconf 85' lang='lat' dir='ltr'>rum</span> <span class='ocrx_word' id='word_1_235' title='bbox 269 1468 445 1508; x_wconf 78' lang='lat' dir='ltr'>illustrium,</span> <span class='ocrx_word' id='word_1_236' title='bbox 470 1483 488 1502; x_wconf 91' lang='lat' dir='ltr'>a</span> <span class='ocrx_word' id='word_1_237' title='bbox 503 1471 625 1512; x_wconf 85' lang='lat' dir='ltr'>quibus,</span> <span class='ocrx_word' id='word_1_238' title='bbox 646 1477 682 1501; x_wconf 89' lang='lat' dir='ltr'>ut</span> <span class='ocrx_word' id='word_1_239' title='bbox 704 1473 742 1502; x_wconf 86' lang='lat' dir='ltr'>ab</span> <span class='ocrx_word' id='word_1_240' title='bbox 758 1470 923 1501; x_wconf 60' lang='lat' dir='ltr'>Amalthea</span> <span class='ocrx_word' id='word_1_241' title='bbox 937 1469 1073 1510; x_wconf 79' lang='lat' dir='ltr'>Jupiter,</span> 
     </span>
     <span class='ocr_line' id='line_1_33' title="bbox 183 1510 1076 1555; baseline 0.001 -16"><span class='ocrx_word' id='word_1_242' title='bbox 183 1510 227 1540; x_wconf 83' lang='lat' dir='ltr'>ita</span> <span class='ocrx_word' id='word_1_243' title='bbox 250 1510 414 1552; x_wconf 87' lang='lat' dir='ltr'>imperium</span> <span class='ocrx_word' id='word_1_244' title='bbox 440 1515 630 1551; x_wconf 88' lang='lat' dir='ltr'>Romanum,</span> <span class='ocrx_word' id='word_1_245' title='bbox 653 1520 812 1555; x_wconf 85' lang='lat' dir='ltr'>tamquam</span> <span class='ocrx_word' id='word_1_246' title='bbox 842 1513 1005 1548; x_wconf 82' lang='lat' dir='ltr'>nutritum,</span> <span class='ocrx_word' id='word_1_247' title='bbox 1036 1510 1076 1541; x_wconf 90' lang='lat' dir='ltr'>ad</span> 
     </span>
     <span class='ocr_line' id='line_1_34' title="bbox 183 1553 1075 1598; baseline 0.001 -16"><span class='ocrx_word' id='word_1_248' title='bbox 183 1558 302 1583; x_wconf 83' lang='lat' dir='ltr'>tantam</span> <span class='ocrx_word' id='word_1_249' title='bbox 316 1557 562 1597; x_wconf 78' lang='lat' dir='ltr'>magnitudinem</span> <span class='ocrx_word' id='word_1_250' title='bbox 584 1558 785 1598; x_wconf 80' lang='lat' dir='ltr'>pervenisset:</span> <span class='ocrx_word' id='word_1_251' title='bbox 809 1556 918 1596; x_wconf 84' lang='lat' dir='ltr'>hisque</span> <span class='ocrx_word' id='word_1_252' title='bbox 933 1553 1075 1593; x_wconf 81' lang='lat' dir='ltr'>adjecisse</span> 
     </span>
     <span class='ocr_line' id='line_1_35' title="bbox 184 1595 1075 1641; baseline -0.002 -13"><span class='ocrx_word' id='word_1_253' title='bbox 184 1605 299 1634; x_wconf 86' lang='lat' dir='ltr'>versus,</span> <span class='ocrx_word' id='word_1_254' title='bbox 317 1599 370 1639; x_wconf 87' lang='lat' dir='ltr'>qui</span> <span class='ocrx_word' id='word_1_255' title='bbox 380 1599 458 1630; x_wconf 79' lang='lat' dir='ltr'>facta</span> <span class='ocrx_word' id='word_1_256' title='bbox 469 1610 574 1631; x_wconf 90' lang='lat' dir='ltr'>eorum</span> <span class='ocrx_word' id='word_1_257' title='bbox 584 1607 614 1630; x_wconf 88' lang='lat' dir='ltr'>et</span> <span class='ocrx_word' id='word_1_258' title='bbox 622 1600 816 1641; x_wconf 83' lang='lat' dir='ltr'>magistratus</span> <span class='ocrx_word' id='word_1_259' title='bbox 827 1599 1024 1635; x_wconf 84' lang='lat' dir='ltr'>continerent,</span> <span class='ocrx_word' id='word_1_260' title='bbox 1037 1595 1075 1626; x_wconf 83' lang='lat' dir='ltr'>de</span> 
     </span>
     <span class='ocr_line' id='line_1_36' title="bbox 186 1638 690 1683; baseline 0.012 -16"><span class='ocrx_word' id='word_1_261' title='bbox 186 1638 300 1679; x_wconf 88' lang='lat' dir='ltr'>quibus</span> <span class='ocrx_word' id='word_1_262' title='bbox 316 1641 434 1683; x_wconf 80' lang='lat' dir='ltr'>Nepos,</span> <span class='ocrx_word' id='word_1_263' title='bbox 451 1643 503 1673; x_wconf 83' lang='lat' dir='ltr'>vit.</span> <span class='ocrx_word' id='word_1_264' title='bbox 522 1643 587 1673; x_wconf 85' lang='lat' dir='ltr'>Att.</span> <span class='ocrx_word' id='word_1_265' title='bbox 600 1653 625 1673; x_wconf 87' lang='lat' dir='ltr'>c.</span> <span class='ocrx_word' id='word_1_266' title='bbox 642 1643 690 1673; x_wconf 89' lang='lat'>18.</span> 
     </span>
    </p>

    <p class='ocr_par' dir='ltr' id='par_1_15' title="bbox 228 1681 1029 1725">
     <span class='ocr_line' id='line_1_37' title="bbox 228 1681 1029 1725; baseline 0.005 -16"><span class='ocrx_word' id='word_1_267' title='bbox 228 1681 390 1721; x_wconf 64' lang='grc' dir='ltr'>Αμὲροτος,</span> <span class='ocrx_word' id='word_1_268' title='bbox 406 1686 583 1723; x_wconf 74' lang='lat' dir='ltr'>immortalis,</span> <span class='ocrx_word' id='word_1_269' title='bbox 597 1685 729 1725; x_wconf 81' lang='lat' dir='ltr'>(livinus,</span> <span class='ocrx_word' id='word_1_270' title='bbox 750 1685 788 1717; x_wconf 84' lang='lat' dir='ltr'>ad</span> <span class='ocrx_word' id='word_1_271' title='bbox 806 1684 871 1716; x_wconf 83' lang='lat' dir='ltr'>Att.</span> <span class='ocrx_word' id='word_1_272' title='bbox 888 1683 985 1721; x_wconf 66' lang='lat' dir='ltr'>XVI,</span> <span class='ocrx_word' id='word_1_273' title='bbox 998 1684 1029 1713; x_wconf 85' lang='lat'>5.</span> 
     </span>
    </p>
   </div>
  </div>
 </body>
</html>
