1122 1868
156 77 218 106 218
366 75 416 107 ΙΝ
420 75 514 107 DEX
540 76 570 107 Η
577 75 825 108 ISTORICUS.

152 171 229 193 (308⁵.
244 172 306 203 quo
319 172 393 193 usus
404 162 536 193 Bibulus
550 162 582 192 in
598 162 792 202 impedienda
801 161 929 192 Caesaris
939 161 1042 202 Agra-

154 205 209 235 ria.
234 205 333 236 Flacc.
361 208 407 236 13.
431 205 548 245 legatus
573 205 611 235 1..
636 205 738 236 Flacci
757 205 790 235 in
809 205 898 236 Asia„
924 204 1041 235 Consul

154 248 277 279 tandem
290 259 360 279 cum
376 246 519 284 Messala,
535 248 577 278 A.
595 249 668 283 700.

200 292 255 322 Cn.
270 292 425 327 Domitius.
443 291 479 320 L.
499 291 612 321 fEnOb.
630 291 665 320 F.
686 291 767 320 Phil.
787 289 834 328 11,
854 293 901 320 ll.
918 290 956 320 (le
971 290 1039 322 Cae-

153 335 227 364 saris
249 335 480 375 percussoribuS.
496 334 643 364 Catonem
661 334 836 364 Uticensem
852 334 1039 363 avunculum

154 377 269 407 habuit.
288 377 367 408 Phil.
385 377 428 414 X,
442 378 470 406 6.
488 376 514 406 ei
530 387 561 407 se
577 377 736 414 exercitus,
757 377 809 417 qui
830 376 869 406 ad
892 376 1038 406 Dolabel-

152 420 216 450 lam
238 420 268 449 in
292 420 411 459 Syriam
436 419 611 456 ducebatur,
628 420 658 448 in
677 419 858 449 Macedonia
883 418 984 449 tradit.
1000 418 1039 449 ad

152 462 224 493 Div.
242 462 339 500 VIII,
362 466 409 493 14.
435 463 492 492 Cn.
510 462 707 493 Saturninum
721 472 806 491 reum
819 462 896 492 feeit.
911 462 951 491 V.
966 461 1038 491 Ma-

152 512 216 535 nut.
240 506 291 536 Ad
307 517 377 536 eum
393 512 436 536 est
449 505 533 545 epist.
547 510 597 536 22.
611 505 664 535 lib.
676 503 725 535 VI
740 504 779 534 ad
800 504 872 535 Div.
895 504 946 534 De
962 515 997 535 eo
1007 514 1036 535 v.

153 548 278 579 Sueton.
297 550 371 579 Ner.
388 560 414 580 c.
431 552 458 578 3.

195 592 236 622 L.
255 592 412 627 Domitius,
435 590 522 620 Verr.
537 590 599 627 VI,
617 591 645 619 3.
671 596 780 630 praetor
801 590 910 620 Siciliae
924 590 956 619 in
973 590 1039 620 ani-

151 634 366 664 madvertendo
379 635 482 664 durus.
506 634 564 663 Est
578 633 614 670 is,
628 633 761 673 quicum
777 633 812 663 C.
831 633 925 663 Coelio
941 632 1039 663 Caldo

150 678 255 707 consul
270 677 339 713 fuit,
353 678 395 707 A.
412 678 486 714 6519,
502 676 594 706 frater
609 676 667 706 Cn.
684 675 814 705 Domitii
830 675 957 706 censoris
967 685 1038 706 cum

151 720 260 750 Crasso
274 721 397 759 majore.

203 764 244 793 L.
273 763 419 792 Domitius
445 762 643 798 AEnobarbus,
675 760 732 790 Cn.
760 760 795 791 F.
822 760 880 791 Cn.
904 761 947 791 N·
977 761 1035 791 Cn.

150 815 236 846 pron.
253 804 289 841 i5‚
306 806 359 845 qui
383 805 486 835 consul
510 804 568 833 fuit
592 814 662 834 cum
685 803 786 843 Appio
810 803 940 834 Claudio
961 804 1037 834 Pul-

150 849 233 885 chro,
247 846 287 877 A.
301 848 373 878 699.
398 848 463 877 Att.
484 846 511 883 Ι,
529 849 555 875 1.
570 846 746 876 Ciceronem
762 846 793 876 in
809 847 950 886 petitione
966 856 1037 877 con-

150 891 265 920 sulatiis
278 891 374 927 juvat.
398 890 470 920 Mil.
487 891 515 919 8.
533 889 674 930 quaesitor
689 889 721 918 in
737 889 826 919 causa
843 889 981 919 Milonis.
998 889 1037 919 ad

150 933 224 964 Div.
258 932 357 970 VIII,
384 934 430 963 14.
459 933 611 973 repulsam
641 931 673 961 in
698 931 842 971 petitione
871 933 1036 972 auguratiis

150 986 228 1016 aegre
244 976 310 1006 fert.
333 976 428 1013 XVI,
452 977 499 1005 1⁶2.
527 975 553 1005 ei
574 974 697 1004 ulterior
714 974 815 1004 Gallia
835 974 1004 1005 decernitur
1019 985 1037 1005 a

150 1025 268 1056 senatu,
297 1025 331 1049 ut
354 1018 466 1049 Caesari
490 1017 637 1048 succedat.
675 1017 743 1046 Att.
772 1016 870 1054 VIII,
897 1020 925 1047 1.
952 1025 980 1048 et
1007 1018 1037 1048 8.

151 1061 277 1092 Corfinii
292 1072 322 1092 se
332 1062 422 1092 tradit
438 1061 561 1091 Caesari.
585 1060 703 1090 Stultus
719 1059 837 1090 dicitur.
863 1060 966 1090 Vatin.
986 1061 1035 1091 10.

147 1104 301 1135 laudatur.
326 1105 414 1134 Brut.
426 1105 476 1139 77.
489 1104 609 1138 Latine,
627 1102 786 1143 multaque
802 1113 872 1133 cum
886 1103 1035 1139 libertate,

148 1147 201 1177 sed
212 1147 277 1177 sine
292 1153 365 1183 arte.
381 1147 518 1181 diceban
543 1146 622 1176 bello
638 1145 718 1175 civili
730 1145 851 1176 interiit.
868 1146 908 1176 V.
923 1146 1034 1176 Caesar.

148 1190 190 1220 B.
204 1190 240 1220 C.
262 1189 327 1227 ΙΙΙ,
344 1192 394 1220 99.
420 1190 611 1220 Memoratur
632 1188 722 1218 etiam
739 1198 822 1229 seqq.
838 1188 921 1218 locis.
945 1187 1035 1218 Vei-r.

150 1231 198 1270 11,
215 1233 267 1262 53.
285 1232 324 1263 ad
339 1232 411 1263 Div.
428 1232 490 1269 VI,
507 1232 558 1261 21.
575 1229 673 1267 VIII,
694 1233 721 1261 1.
737 1231 767 1260 8.
791 1233 836 1261 12.
854 1232 910 1261 διο.

194 1275 350 1312 Daunius,
365 1275 523 1316 Appulus,
549 1274 628 1304 Phil.
649 1273 713 1310 XI,
733 1274 762 1303 6.
779 1274 949 1314 Septemvir
964 1274 1033 1304 An-

147 1318 298 1348 tonianus.
321 1317 376 1348 Ad
391 1318 462 1348 Div.
481 1316 580 1356 VIlI,
607 1319 655 1347 15.
676 1316 784 1357 hospes
805 1316 934 1347 Caesaris
950 1316 1033 1347 Inte-

145 1360 240 1390 melii.

192 1403 295 1442 Doris,
320 1402 487 1434 Locrensis.
519 1403 612 1433 Tusc-
641 1403 685 1441 V,
708 1404 760 1433 20.
787 1413 866 1433 uxor
891 1401 1032 1443 Dionysii

145 1446 276 1486 tyranni.

190 1489 366 1527 Dorotheus,
382 1488 470 1519 Verr.
491 1489 558 1526 ΙΙΙ,
575 1490 626 1519 36.
644 1488 871 1519 Thermitanus.

192 1531 354 1571 Dorylaus,
371 1532 473 1562 Deiot.
503 1534 550 1563 15.
576 1532 694 1573 legatus
718 1531 854 1562 Deiotari
868 1530 907 1562 ad
931 1530 1032 1561 Casa-

144 1582 220 1603 rem.

190 1616 322 1653 Damio,
337 1617 406 1647 Att.
423 1617 453 1654 Ι,
471 1617 500 1647 6.
517 1617 632 1648 histrio.

187 1658 298 1699 Draco,
320 1660 375 1691 Or.
393 1660 422 1698 Ι,
446 1660 496 1690 44.
516 1660 633 1701 primus
647 1659 883 1691 Atheniensium
906 1659 1027 1701 legisla-

140 1705 197 1731 tor.
