1122 1868
128 27 190 57 216
346 24 495 56 INDEX
518 25 550 56 H
555 24 802 58 ISTORICUS.

171 111 351 151 DionysiuS,
364 111 492 147 Stoicus,
507 111 600 142 Tusc.
617 110 663 149 II,
683 112 731 142 10.
746 111 898 143 Ciceronis
910 121 1012 152 aequa-

128 155 178 192 lis,
194 164 296 185 versus
311 154 437 184 orationi
450 154 535 184 nullo
544 154 660 184 delectu
676 154 869 185 admiscebat.
892 154 1012 195 Diony-

127 198 208 228 sium
225 197 359 227 Stoicum
375 196 479 226 laudat
491 196 592 227 Laert.
610 196 670 232 VI,
682 200 733 228 43.

168 241 354 279 Dionysius,
370 239 511 279 Magnes,
534 240 622 269 Brut.
639 241 690 270 91.
708 241 808 270 rhetor
824 240 1009 281 temporibus

126 284 289 320 Ciceronis,
305 281 358 322 qui
380 292 450 312 cum
474 292 509 311 eo
527 282 558 312 in
578 282 657 313 Asia
677 283 846 313 adolescens
870 283 1006 313 multum

125 326 194 356 fuit.

169 370 352 408 Dionysz'uS,
375 367 413 397 ad
440 366 559 397 Divers.
583 368 626 404 V,
654 369 701 399 10.
727 379 829 399 servus
845 367 1008 406 Ciceronis,

123 418 310 452 anagnostes,
331 410 369 440 ad
386 410 458 440 Div.
474 409 573 447 XIII,
590 412 641 446 77.
657 411 710 452 qui
725 411 939 442 bibliothecam
955 410 1008 441 Ci-

121 455 234 486 ceronis
249 453 397 492 tractavit,
414 452 542 491 aufugit.

169 498 353 537 Dionysius.
376 497 444 526 Att.
464 495 523 531 VI,
540 497 565 525 l.
576 496 677 533 VIII,
693 497 723 526 4.
740 497 920 528 Ciceronum
930 507 1008 537 prae-

128 547 239 582 ceptor.
264 541 328 570 Att.
347 538 409 575 IX,
429 539 477 568 12.
502 537 677 569 Ciceronem
693 540 773 569 bello
788 540 868 570 civili
889 539 1009 578 deserit,

128 583 267 624 quamvis
283 581 369 612 valde
384 581 465 622 apud
481 591 550 612 eum
567 581 730 612 honoratus
745 582 851 612 fuerat.

171 627 353 666 Dionysius,
373 630 434 654 toto
461 623 583 653 nomine
607 626 659 654 M.
677 626 870 663 Pomponius
890 626 1013 666 Diony-

126 671 201 700 sius.
236 670 304 698 Att.
324 667 384 702 IV,
402 668 431 701 7.
456 669 506 695 11.
535 669 581 696 15.
597 667 636 696 ad
653 667 724 697 Div.
743 667 824 705 XII,
842 671 893 698 24.
907 678 1010 698 servus

126 719 178 742 aut
193 711 317 741 libertus
329 709 437 747 Attici,
454 719 514 749 quo
531 708 636 740 Cicero
648 721 720 740 usus
735 711 821 740 estin
836 711 1012 742 instruenda

122 753 313 785 bibliotheca.

172 797 421 836 Dionysodorus,
438 796 526 825 Verr.
543 794 610 833 III,
628 796 678 825 21.
695 796 910 837 Syracusanus.

171 841 345 877 Dionysus,
363 839 404 868 N.
422 838 462 867 D.
481 838 546 874 III,
565 841 614 867 23.
631 839 721 868 multi
736 839 875 880 Dionysi.

167 884 357 922 Diophanes,
369 881 576 921 Mitylenaeus,
588 881 675 911 Brut.
691 883 740 917 27.
755 883 855 912 rhetor
869 893 923 913 suo
933 888 1010 913 tem-

126 937 198 967 pore
215 926 391 955 Graecorum
406 924 629 962 disertissimus,
647 923 716 954 Tib.
736 925 865 956 Gracchi
875 926 916 956 fil.
930 937 1009 967 prae-

124 980 156 999 ce
179 975 234 998 tor.

157 980 327 1047 pDioscuri,
344 1010 386 1040 N.
401 1009 442 1039 D.
463 1009 530 1047 III,
547 1013 598 1040 21.
612 1016 686 1051 quot
705 1010 804 1041 modis
824 1011 906 1052 apud
922 1012 1008 1042 Grae-

125 1066 174 1085 cos
189 1060 393 1084 nominentur.

166 1098 328 1136 Dlphilus,
339 1096 395 1126 Or.
414 1096 441 1133 I,
458 1096 509 1124 30.
527 1095 628 1125 Crassi
643 1096 767 1136 scriptor
781 1102 811 1127 et
821 1097 923 1127 lector.

164 1142 328 1179 Dlplzilus,
339 1139 377 1168 ad
389 1138 429 1176 Q.
447 1138 497 1167 Fr.
510 1137 576 1176 III,
597 1139 622 1168 l.
640 1139 789 1169 redemtor
804 1140 883 1170 villae
897 1140 937 1178 Q.
955 1139 1007 1171 Ci-

125 1183 251 1219 ceronis,
268 1182 444 1212 architectus
459 1181 549 1210 idem.

166 1227 361 1259 Divitiacus’,
379 1224 449 1253 Div.
470 1224 495 1258 Ι,
513 1224 563 1253 41.
582 1234 662 1254 unus
677 1235 693 1254 e
710 1224 845 1255 Druidis.

166 1271 330 1302 Docimus,
348 1267 436 1296 Verr.
454 1265 513 1303 IV,
530 1267 581 1295 34.
598 1267 726 1297 Siculus.

169 1315 227 1343 Cn.
251 1322 257 1339 ι
279 1311 415 1344 ambella,
442 1308 502 1338 Pis.
525 1310 570 1339 19.
587 1310 755 1350 triumphat
770 1320 807 1340 ex
825 1310 1007 1342 Macedonia

121 1365 265 1385 reversus.
282 1353 396 1384 Consul
410 1352 466 1381 fuit
478 1362 547 1382 cum
562 1352 610 1381 M.
627 1352 732 1382 Tullio
749 1353 866 1383 Decula
878 1357 920 1384 A.
934 1356 1006 1390 672.

121 1398 210 1428 Brut.
228 1398 278 1428 91.
301 1401 456 1426 accusatur
471 1405 488 1424 a
504 1393 541 1425 C.
558 1395 677 1425 Caesare
691 1395 887 1435 adolescente,
903 1397 1006 1428 defen-

123 1440 262 1470 dentibus
275 1440 310 1470 C.
324 1438 413 1468 Cotta
426 1444 455 1467 et
472 1437 645 1467 Hortensio.

168 1484 194 1513 C
198 1494 226 1512 ιι.
257 1482 426 1516 Dolabella,
451 1480 560 1517 Quint.
585 1482 614 1510 8.
636 1487 745 1521 praetor
767 1483 913 1520 urbanus,
946 1482 1005 1514 Cn.

121 1523 285 1555 Dolabella
301 1531 330 1555 et
347 1524 392 1553 M.
410 1523 516 1553 Tullio
531 1533 603 1553 coss.
628 1524 666 1553 ad
690 1533 780 1564 quem
797 1534 886 1555 causa
906 1526 1008 1563 Quin-

119 1568 153 1597 tii
169 1575 234 1598 acta
250 1574 301 1597 est.
326 1567 414 1597 Verr.
436 1569 460 1599 Ι,
484 1567 511 1594 4.
532 1564 577 1602 11,
606 1568 649 1596 15.
675 1577 756 1607 seqq.
782 1568 833 1602 37.
854 1568 905 1597 38.
931 1579 1008 1609 prae-

123 1616 169 1640 tor
185 1610 310 1645 Ciliciae,
328 1610 423 1639 Verre
448 1609 558 1648 legam,
582 1619 600 1638 a
624 1619 684 1649 quo
710 1609 817 1639 deinde
837 1620 907 1640 cum
923 1622 941 1641 a
955 1612 1009 1641 M.

119 1654 232 1683 Scauro
249 1653 285 1682 de
301 1651 472 1692 repetundis
488 1659 687 1687 accusaretur,
712 1660 905 1692 oppugnatus
935 1660 1000 1683 est:

120 1695 348 1727 condemnatur.
373 1694 440 1725 Hos
455 1693 531 1724 duos
547 1694 724 1726 Dolabellas
737 1695 927 1727 confundunt
940 1698 1005 1728 As-
