1122 1868
120 30 185 60 480
275 31 425 63 INDEX
448 29 848 62 GRAEco-LA'HNUS.

121 114 153 145 V
157 115 204 153 II,
223 120 252 148 1.
268 128 305 148 ex
325 117 454 148 Homer·
470 117 559 147 Iliad.
573 117 618 155 X,
638 119 707 147 loo.
725 115 949 157 Polydamanta
959 113 1006 143 ‹li-

118 157 159 188 cit
175 159 333 191 Catonem.

164 208 222 232 nou
240 211 353 243 σκαφος
369 215 401 232 το
418 216 473 233 των
484 203 634 242 Ατρειδων,
651 204 703 233 vbi
715 203 867 242 'navigium
880 201 1005 231 Atrida-

118 254 198 281 rum,
215 246 253 276 ad
270 247 336 276 Att.
350 247 379 278 V
384 245 430 285 ΙΙ,
449 247 480 276 3.
502 255 517 276 e
539 247 651 286 tragico
667 246 758 277 veteri
778 245 918 276 videntur
940 243 1005 273 haec

118 296 190 317 esse.

163 337 377 371 Πραγματικοι,
404 332 460 364 Or.
478 331 506 369 Ι,
524 334 552 361 5.
568 333 621 373 qui
637 333 707 371 sint,
724 332 788 372 ipse
805 331 909 361 Cicero
931 329 1002 359 satis

116 372 212 404 docet.

118 423 393 487 ΠΠραγμα-τικως,
416 425 481 458 apte
505 419 544 448 ad
569 428 615 448 res
636 418 794 459 gerendas,
819 416 857 447 ad
873 415 937 453 Qu.
953 415 1006 445 Fr.

156 481 165 497 ‚
184 462 233 490 14.

163 505 428 545 H:a{e;,ft1ctnm,
444 504 482 534 ad
495 505 561 534 Att.
574 503 670 540 XIV,
685 506 734 534 19.

163 548 273 585 Πραξις
288 549 576 588 πολιτικου,]ἑιι“ῖιιιιι
590 551 654 577 cive
667 548 791 587 dignum
805 546 880 585 reip.
897 545 1005 575 dedito.

116 587 156 617 ad
173 589 237 619 Att.
254 589 296 625 X,
315 592 363 619 15.

164 637 334 670 [Imma-m,
353 634 511 667 lenissima,
529 632 567 662 ad
582 632 651 662 Att.
667 631 730 668 XI,
751 635 800 662 17,

163 680 287 713 Πρεπον,
304 677 452 710 decorum,
471 676 526 706 Or.
541 678 591 704 21.
616 675 679 705 Off.
698 674 724 712 Ι,
740 678 790 705 17.

160 718 333 756 Προβλημα,
350 721 479 759 (flumin,
496 719 534 748 ad
550 719 614 747 Att.
630 719 712 755 VII,
733 721 759 747 1.
775 717 858 754 XII,
873 720 902 747 2.

163 760 325 798 Προβλημα
355 761 550 800 Αργιμηῧειον,
588 763 705 801 quaestio
734 762 941 796 Archimeden,
967 759 1006 790 ad

117 804 184 832 Att.
206 801 287 837 XII,
305 806 334 832 4.
365 803 465 840 XIII,
487 807 534 834 18.
556 804 576 834 i.
594 815 619 834 e.
646 804 733 834 valde
758 803 889 834 difficilis
909 809 939 833 et
953 805 1008 833 ob-

116 855 213 876 scura.
246 846 367 877 Atticus
393 848 513 877 volebat
537 847 713 877 Ciceronem
735 847 771 877 de
797 847 911 877 Catone
936 846 1008 876 scri-

117 889 197 918 bere.

164 932 311 971 Προβολη,
325 933 362 963 ad
376 934 441 964 Att.
459 933 560 973 XIII,
579 938 631 970 21,
646 941 701 971 est,
718 934 879 974 inteiprete
889 931 1006 963 Budaeo

117 973 150 1003 in
166 974 286 1005 Comm.
303 977 358 1006 Gr.
373 977 411 1007 L.
424 988 454 1018 p.
469 982 545 1013 390,
559 985 651 1008 status
665 979 786 1017 pugilis,
800 980 829 1007 in
847 977 1007 1015 procinctu

119 1019 234 1053 stantis,
252 1021 455 1060 occnsifflzique
474 1023 642 1063 inserenda*
659 1022 750 1062 plu-gxi*
768 1021 955 1052 inminentis,
979 1025 1007 1048 et

116 1062 284 1099 agitatoris,
299 1064 330 1092 in
344 1064 516 1094 carceribus
529 1075 614 1104 equos
626 1074 810 1103 currumque
824 1062 1006 1093 sustinentis.

118 1103 194 1133 Inde
210 1104 301 1134 etiam
317 1106 355 1135 ad
378 1107 490 1137 milites
506 1107 695 1142 transfertur,
713 1107 767 1147 qui
788 1107 819 1136 in
835 1106 896 1136 acie
912 1110 1004 1140 stant,

118 1147 257 1186 projectis
283 1149 374 1179 scutis
399 1149 549 1190 impetum
578 1150 712 1180 hostium
736 1154 951 1190 exspectantes,
978 1153 1007 1177 et

119 1189 313 1229 excipientes,
345 1198 374 1221 et
400 1198 521 1233 tempus
548 1193 679 1233 impetizs
705 1191 833 1222 faciendi
863 1191 1007 1221 idoneum

120 1232 319 1272 speculantes,
337 1235 418 1275 apud
436 1235 590 1266 Plutarch.
607 1236 637 1265 in
654 1236 782 1269 Caesare,
798 1244 890 1275 quem
905 1234 1007 1263 locum

118 1274 201 1304 idem
224 1275 276 1305 ille
296 1278 398 1307 attulit
414 1278 561 1316 Budaeus,
577 1279 598 1308 l.
616 1289 641 1308 c.
666 1278 715 1308 De
735 1277 883 1307 militibus
902 1276 1007 1307 Latini

119 1317 235 1353 dicunt,
259 1322 406 1359 prqjicere
429 1328 558 1352 scutum.
594 1321 827 1361 Quadrigarius,
853 1331 901 1360 ap.
925 1318 1007 1350 Gell.

121 1359 183 1397 IX,
206 1364 254 1391 13.
268 1362 367 1393 Graeci
382 1365 614 1404 Προθαλλεσὲναι
632 1364 753 1400 omuga,
769 1374 817 1404 ap.
834 1363 948 1393 AElian.
969 1361 1009 1391 V.

117 1403 163 1434 H.
176 1402 222 1440 II,
245 1415 269 1435 c.
290 1405 346 1435 ult.
363 1413 403 1443 et,
420 1408 458 1437 ab
473 1407 530 1438 hac
546 1407 728 1447 projectione
740 1407 828 1440 scuti,
845 1411 939 1435 status
956 1405 1009 1434 isse

121 1446 319 1485 gladiatorius
334 1455 364 1479 et
378 1449 517 1480 militaris
539 1450 718 1490 appellatur.
752 1449 892 1488 Adjicere
911 1448 1011 1489 placet

119 1488 221 1519 locum
238 1500 253 1519 e
264 1490 364 1522 Gellio
382 1492 419 1523 de
434 1492 491 1523 hae
506 1503 537 1523 re
549 1493 698 1532 insignem
711 1503 719 1521 ι
746 1495 767 1510 “
782 1491 877 1523 Sicuti
899 1492 1008 1532 (athle-

118 1530 169 1570 tae)
186 1532 224 1562 ad
240 1535 417 1565 certandum
438 1535 544 1573 vocati,
558 1535 697 1576 projectis
718 1535 777 1565 alte
792 1534 920 1565 brachiis
936 1543 1007 1564 con-

117 1573 238 1610 sistunt,
255 1583 406 1618 caputque
421 1584 450 1608 et
470 1589 502 1608 os
514 1588 604 1608 suum
619 1578 762 1608 manibus
777 1577 921 1618 oppositis
932 1587 1010 1618 qua-

116 1616 141 1646 si
163 1618 242 1648 vallo
268 1620 510 1659 praemuniunt,’'
535 1623 592 1651 ἃς.
617 1620 699 1651 unde
724 1620 761 1651 de
791 1621 827 1651 ea
856 1630 888 1650 re
909 1631 1010 1659 χειρας

118 1671 220 1699 αειραι,
246 1673 348 1702 χειρων
375 1670 527 1701 ἀνατασις,
549 1664 669 1694 dicitur.
694 1663 734 1693 V.
757 1663 868 1704 Cuper.
886 1662 961 1692 Obs.
980 1661 1008 1699 I,

122 1704 169 1731 1‘2·
181 1713 211 1743 p.
228 1705 277 1734 88.
295 1705 349 1745 qui
365 1706 456 1736 etiam
475 1706 571 1741 docet,
580 1707 637 1737 hoc
651 1706 752 1747 ipsum
770 1718 876 1747 ανεχειν
886 1704 944 1735 dici
960 1715 1009 1745 ap.
