1122 1868
104 48 167 78 228
319 48 468 79 INDEX
492 47 778 80 HISTORICUS.

148 135 342 174 Eurypylus,
364 134 457 166 Tusc.
480 135 529 173 ΙΙ,
559 138 606 166 15.
627 138 674 165 16.
698 135 763 165 dux
788 133 992 174 Pergameno-

105 187 174 207 rum
190 177 228 207 ad
244 177 381 217 Trojam.

147 222 352 259 Eurystheus,
375 221 470 251 Acad.
495 220 554 259 IV,
580 222 631 256 27.
662 221 739 251 filios
765 221 829 259 ejus
850 219 991 250 interficit

106 263 265 293 Hercules.
284 264 377 294 Tusc.
395 265 440 300 II,
459 265 486 294 8.

148 308 370 346 Eurysthenes,
388 307 459 337 Div.
478 306 524 344 II,
536 308 586 337 43.
602 307 741 347 geminus
757 306 848 336 frater
860 305 988 342 Proclis‚

103 359 156 379 rex
174 349 483 380 Lacedaemoniorum.

148 393 374 432 Euthydemus,
391 393 430 423 ad
446 393 517 422 Div.
538 392 638 432 XIII,
656 394 708 423 56.
734 392 888 433 Ephesius
898 390 991 421 fuisse

105 434 232 465 videtur.

147 479 343 517 Euthynous,
361 479 453 509 Tusc.
471 477 498 512 I,
516 480 566 509 ⁴18.

147 522 350 560 Eutrapelus,
368 522 448 551 Phil.
468 521 567 557 XIII,
584 525 613 552 2.
628 521 708 552 Vide
724 521 754 551 in
776 522 968 551 mlumnius.

147 565 344 603 Eutychides,
362 565 429 594 Att.
448 564 507 601 IV,
528 566 576 595 15.
598 565 723 594 libertus
739 564 847 602 Attici,
865 564 904 593 Τ.
922 563 989 593 Cae-

104 605 190 636 cilius
208 607 393 647 Eutychides
412 607 519 637 dictus.

146 650 320 689 Eutychus,
338 660 393 690 pro
410 650 499 679 Rosc.
519 650 594 679 Am.
614 650 661 679 16.
678 660 790 680 nomen
805 649 965 680 comicum.

146 693 327 731 lja-egistus,
346 692 406 722 Pis.
421 693 473 721 36.
489 692 619 722 Macedo
635 692 771 732 quidam.

148 737 287 775 Eoez'tius,
305 734 386 766 Phil.
403 733 503 773 XIII,
523 738 571 766 13.
589 735 783 776 Philadelphi
805 735 907 773 frater,
924 734 992 764 A-n-

103 778 253 809 tonianus.

524 866 561 896 F.

149 951 190 981 L.
206 952 338 982 Roscius
355 952 501 987 Fabatus,
515 950 581 982 Att.
598 950 700 989 VIII,
723 955 768 982 12.
784 961 855 982 cum
871 950 909 980 L.
923 949 993 982 Cae-

105 1004 170 1024 sare
186 995 370 1025 conditiones
388 995 469 1035 pacis
491 995 548 1025 fert
571 1005 589 1024 a
604 994 639 1025 C.
657 995 784 1025 Caesare.
801 994 840 1024 ad
855 993 927 1024 Div.
945 993 990 1029 X,

105 1040 156 1067 33.
171 1037 283 1067 interiit
305 1038 337 1067 in
357 1038 462 1078 proelio
478 1037 660 1075 Mutinensi,
679 1038 754 1068 duce
770 1037 882 1075 Panse,
905 1038 995 1076 cujus

105 1086 169 1110 erat
184 1080 311 1119 legatus.

148 1122 184 1157 Q.
202 1124 365 1160 Faberius,
381 1123 451 1153 Att.
468 1123 550 1160 XII,
567 1127 618 1154 21.
642 1121 742 1160 XIII,
759 1124 788 1153 8.

147 1167 281 1203 Fabius,
298 1166 335 1197 de
355 1165 460 1196 Divin.
478 1165 525 1203 II,
542 1167 594 1196 33.
612 1166 650 1196 de
667 1166 734 1196 Fat.
761 1166 790 1195 6.
814 1166 844 1201 7.
859 1165 917 1196 hoc
937 1175 992 1195 no-

101 1208 186 1239 mine
211 1215 339 1239 utuntur
365 1214 478 1239 veteres
500 1210 532 1239 in
549 1209 589 1239 iis·
600 1210 700 1246 rebus,
725 1219 794 1249 quae
818 1208 990 1238 liberalium

102 1251 264 1281 hominum
279 1258 360 1289 sunt,
378 1261 448 1282 cum
464 1252 618 1282 neminem
641 1251 797 1281 nominare
812 1251 929 1287 volunt,
945 1251 991 1280 uti

101 1293 177 1324 JCti
193 1294 255 1325 fere
277 1295 400 1325 nomine
424 1295 497 1325 Caii
521 1300 551 1324 et
582 1295 660 1325 Titii
683 1299 821 1324 utuntur.
839 1294 992 1324 Caeterum

101 1337 216 1376 plures,
241 1348 334 1378 quam
356 1338 406 1367 hic
422 1347 438 1367 e
454 1337 596 1367 Cicerone
620 1342 907 1373 commemorantur,
931 1336 957 1366 F
959 1347 992 1366 a-

102 1379 169 1409 bios
185 1380 244 1409 vid.
261 1380 340 1410 infra
354 1380 385 1410 in
403 1380 567 1410 Maximis.
584 1380 749 1410 Maoeimus
761 1379 841 1410 enim
857 1384 902 1409 est
913 1378 992 1409 inter

103 1423 284 1462 cognomina
298 1423 473 1453 Fabiorum.

145 1465 273 1501 Fabius,
289 1465 358 1496 Att.
381 1466 430 1504 II,
451 1469 476 1496 1.
492 1465 610 1496 adulter
625 1465 752 1504 Clodiae,
775 1474 846 1495 cum
868 1464 989 1495 Metelli

100 1517 179 1537 uxor
194 1514 278 1538 esset.

144 1549 178 1580 C.
199 1552 328 1588 Fabius,
352 1551 446 1582 Tusc.
464 1550 492 1589 Ι,
512 1555 541 1583 ⁶2.
567 1551 608 1581 Ei
622 1550 707 1581 laudi
727 1550 796 1588 suit,
823 1549 904 1590 quod
919 1549 989 1590 pin-

99 1602 169 1632 gere
184 1594 292 1632 potuit.
317 1594 408 1624 Unde
424 1600 452 1624 et
467 1594 584 1635 primus
608 1593 736 1624 Pictoris
759 1602 924 1633 cognomen
940 1598 989 1622 tu-

99 1635 145 1664 lit.
170 1635 276 1665 Pinxit
292 1635 387 1666 aedem
416 1637 539 1667 Salutis.
556 1637 596 1667 V.
617 1636 696 1666 Plin.
715 1635 759 1666 Η.
779 1636 822 1666 Ν.
839 1635 990 1673 XXXV,

103 1678 133 1713 7.
157 1676 242 1708 Add.
254 1678 343 1709 Voss.
360 1678 398 1709 de
413 1679 496 1709 Hist.
516 1680 586 1709 Lat.
604 1678 632 1716 Ι,
645 1680 675 1709 3.

144 1720 176 1750 C.
197 1722 330 1759 Fabius,
348 1721 414 1752 Att.
428 1721 696 1760 V11,3.-Caesaris
710 1721 838 1762 legatus.
