1122 1868
111 51 173 81 444
283 50 432 82 INDEX
457 49 856 83 GRAECO-LATINUS.

111 136 161 167 Sic
170 137 317 168 dicimus:
333 140 355 156 “
370 140 461 170 Ratio
478 145 519 169 est
531 140 620 178 quasi
629 140 775 179 quaedam
787 139 839 169 lux
848 138 949 167 animi
959 136 995 173 ,·''

110 189 170 210 non
187 181 268 221 quod
283 181 338 211 lux
354 182 402 219 sit,
419 182 470 211 sed
481 182 561 222 quod
576 182 618 212 ita
634 193 664 212 se
680 183 791 212 habeat
806 181 844 211 ad
856 181 995 211 animum

109 223 196 261 ratio,
209 230 243 254 ut
255 225 309 256 lux
322 225 359 255 ad
371 226 480 256 oculos.
505 226 564 263 Sic7
582 231 616 255 ut
628 225 722 255 motio
737 225 869 255 sehabet
881 223 919 254 ad
931 233 996 254 cor-

108 276 177 306 pus,
204 267 246 297 ita
276 274 439 309 εντελεχεια
463 268 501 298 ad
523 269 667 298 animam.
699 268 793 305 Nam,
818 273 852 296 ut
867 268 932 306 jam
960 265 999 296 ad

107 309 303 341 Aristotelem
314 311 480 347 veniamus,
496 317 668 352 ευτελεχεια,
680 321 717 341 ex
730 312 794 349 ejus
809 316 921 346 mente,
935 318 996 339 non

108 357 151 381 est
173 352 239 393 ipsa
261 355 374 391 anima,
398 354 448 384 sed
473 355 538 393 ejus
558 354 674 389 forma3
701 354 871 393 subjectum
890 358 993 383 autem

108 395 185 433 erS‚
202 401 231 426 et
251 398 338 438 quasi
360 397 496 433 materia,
518 397 548 426 h.
566 407 591 427 c.
609 397 690 437 quod
706 407 736 427 se
759 396 797 426 ad
819 402 993 436 εντελεχειαν

107 436 210 477 habet,
231 446 266 470 ut
281 441 319 470 ad
335 447 452 471 motum
469 450 588 480 corpus,
611 446 655 469 est
671 439 792 477 δυναμις,
813 439 857 469 vis
872 438 992 479 agendi,

106 478 137 509 h.
155 491 179 510 e.
205 483 399 524 percipiendi,
424 483 584 522 cogitandi.
617 482 785 512 Videamus
803 483 867 521 ejus
891 482 992 519 verba,

105 522 159 553 lib.
180 523 226 562 ΙΙ,
242 526 291 557 De
301 525 429 561 Animal7
446 536 469 555 c..
483 526 508 555 l.
535 525 571 555 In
584 526 668 556 omni
678 535 708 555 re
719 525 776 554 tria
787 535 850 555 esse
865 524 992 561 dixerat,

106 566 187 607 ὓλην,
202 576 324 607 μορῖην,
338 582 350 603 η
364 570 441 602 ειῗῡς,
454 575 482 598 ct
495 580 526 597 το
542 581 569 597 εκ
584 580 699 598 τουτων.
724 568 794 598 Hoc
804 567 842 598 ad
854 568 992 597 animum

107 608 148 639 sic
164 612 325 642 transfert:
352 624 414 641 εστι
429 610 454 639 ’δε
470 611 484 645 ἦ
499 623 548 648 μευ
564 612 617 645 ὕλη
641 610 764 645 Romule,
779 623 810 640 το
828 611 855 640 δε
870 610 938 644 ειδος
951 624 992 639 εν-

104 658 254 695 τελεχεια.
281 654 457 685 Aristoteles
479 663 539 683 non
562 653 669 684 diserte
692 653 782 683 dicit:
807 655 887 694 φυχη
915 665 992 683 εστιν

103 703 276 737 εντελεχεια.
301 698 411 738 Neque
426 706 528 726 tamen
539 696 643 727 Cicero
659 704 772 736 peccat,
786 697 812 726 ei
824 697 880 726 hoc
895 706 993 726 enun-

102 739 211 769 tiatum
228 740 371 771 tribuens.
397 741 478 770 Nam
496 750 541 770 res
560 750 577 769 a
592 739 691 769 form-*m
706 738 770 775 sust,
795 739 857 780 qua
872 741 910 769 ab
925 739 992 769 aliis

101 784 190 812 rebus
213 782 442 824 distinguuntur
464 783 609 820 maxime,
626 782 772 822 appellari
795 783 826 812 in
850 782 992 812 omnibus

101 825 224 865 linguis,
241 827 387 857 usitatum
404 832 456 856 est.
481 826 557 856 Haec
567 832 611 855 est
622 835 690 855 mea
701 825 738 855 de
753 825 810 855 hoc
822 827 912 855 verbo
924 835 991 855 sen-

102 868 206 903 tentia,
238 879 331 909 quam
358 880 396 899 ex
422 875 507 909 parte
530 868 606 899 vidit
636 867 726 897 etiam
751 868 933 905 Leibnidus,
960 879 989 898 v.

102 911 132 941 T
134 910 221 941 heod.
239 912 276 943 L.
297 912 324 950 Ι,
351 913 379 953 ἓ.
397 913 447 947 78.
471 911 564 949 Quod
588 910 732 941 Davisius
753 917 841 952 putat
861 911 900 941 ad
921 911 951 940 h.
968 911 989 941 l.

101 954 236 984 animam
259 955 418 986 Aristoteli
442 965 503 985 esse
522 954 652 984 formam
673 955 814 994 corporis,
831 965 901 995 quae
923 964 990 984 eam

101 997 226 1034 animet,
243 1005 331 1029 errat.
356 998 438 1028 Nam
453 998 518 1028 haec
527 997 696 1027 Dicaearchi
704 1003 748 1027 est
758 997 916 1034 sententia,
928 1007 990 1027 non

101 1040 286 1079 Aristotelis,
309 1052 402 1083 quam
426 1041 529 1071 Cicero
545 1042 582 1070 ab
605 1039 659 1069 illa
673 1039 841 1080 distinguit.
865 1040 990 1070 Veteres

101 1083 236 1123 profecto
257 1085 362 1115 eodem
379 1095 412 1114 ac
429 1094 482 1114 nos
497 1083 588 1113 modo
607 1083 717 1122 cepisse
732 1083 788 1113 hoc
802 1085 929 1113 verbum
946 1083 990 1112 vi-

101 1126 220 1156 dentur.
244 1128 326 1158 Sext.
346 1127 465 1168 Empir.
489 1137 515 1156 c.
539 1125 641 1156 Math.
655 1126 698 1163 X,
715 1126 747 1163 3,
764 1127 816 1162 40,
842 1136 896 1166 pro
916 1132 988 1155 actu

103 1170 216 1210 posuit,
229 1177 258 1202 et
272 1171 413 1212 potentiae
428 1170 568 1210 Opposuit
580 1180 587 1199 :
612 1173 647 1197 Το
659 1180 708 1198 ww
723 1181 799 1198 κατα
812 1168 921 1206 δυναμιν
936 1181 988 1206 μεν

102 1224 220 1248 νεοσσος
241 1227 317 1250 εστι,
340 1215 405 1243 κατ’
425 1219 598 1251 εντελεγειαν
619 1211 645 1240 δε
665 1223 712 1240 ουκ
736 1223 823 1242 εστιν.
848 1211 896 1242 Cf.
910 1221 986 1251 quos

100 1255 204 1286 laudat
219 1257 338 1288 Fabric.
355 1256 393 1286 ad
407 1255 438 1285 h.
454 1256 476 1285 1.
501 1250 619 1295 ξ.’315.
650 1253 707 1284 Est
721 1260 824 1284 autem
846 1255 985 1289 verbum,

98 1309 154 1328 απο
167 1311 216 1330 του
228 1305 343 1333 εντελες
359 1307 441 1338 essm.
456 1304 585 1331 Εντελης
594 1305 637 1328 est
649 1297 800 1336 perennis,
813 1303 987 1338 perpetuus.

143 1347 282 1384 Εντεχνα,
297 1335 474 1380 ατίξήὲἰαίἰα,
490 1340 529 1370 ad
544 1340 616 1370 Div.
634 1338 714 1377 VII⁷
731 1341 783 1370 32.

144 1388 180 1412 Εν
197 1397 258 1420 τοις
274 1396 428 1426 epum-mom,
450 1386 481 1414 in
495 1384 580 1419 rebus
595 1384 752 1420 amatoriis,
773 1382 812 1413 ad
834 1383 903 1413 Att.
922 1383 984 1421 IX,

143 1471 179 1500 Εν
194 1483 253 1506 τοις
267 1477 438 1505 πολιτικοις,
455 1471 485 1500 in
500 1471 587 1501 rebus
601 1471 743 1509 civilibus,
759 1470 803 1501 vel
823 1480 890 1510 quae
905 1478 984 1508 spec-

98 1517 160 1543 tant
175 1515 212 1543 ad
226 1525 286 1544 rem
299 1514 456 1556 publicam,
472 1513 510 1543 ad
523 1513 589 1543 Att.
607 1514 636 1551 Ι,
657 1517 684 1544 Ῑ.

143 1559 388 1597 Εντυροινυεισθαι,
404 1557 458 1586 sub
474 1562 597 1594 tyranno
609 1566 680 1595 esse,
693 1555 732 1586 ad
747 1553 813 1586 Att.
832 1555 878 1594 ΙΙ,
898 1558 947 1585 14.

141 1600 337 1638 Εξαιρεσιμοι,
360 1599 449 1629 Verr.
470 1598 536 1636 ΙΙΙ,
559 1601 610 1630 5⁶2.
630 1599 673 1629 ita
697 1599 884 1635 dicebantur,
901 1598 984 1639 apud

98 1641 219 1672 Graecos
234 1647 354 1672 caeteros
366 1648 395 1672 et
410 1642 538 1678 Siculos,
554 1642 628 1677 dies,
639 1641 693 1682 qui
702 1641 857 1671 mensibus
869 1641 984 1672 exime-

96 1685 208 1714 bantur
223 1683 388 1721 interdum‚
405 1691 440 1714 ut
455 1695 525 1715 cum
541 1685 610 1715 solis
625 1684 767 1724 lunaeque
782 1684 896 1714 ratione
912 1693 983 1715 con·-

96 1733 258 1767 gruerent:
290 1726 326 1758 iis
360 1733 556 1769 opponuntur
581 1727 781 1764 intercalares,
820 1727 983 1765 εμβολιμοι.
