1137 1848
282 96 432 127 INDEX
457 96 744 127 HIsTORICUs.
848 113 856 119 -
890 96 953 126 389

73 180 210 211 Ciceroni
224 187 254 211 et
268 181 330 212 fflio
352 188 381 212 et
403 182 489 212 fratri
513 181 692 212 carissimus.
716 181 768 211 Ad
792 190 863 210 eum
888 186 959 211 sunt

75 222 208 263 epistolae
229 224 281 254 lib.
305 224 390 255 XVI
412 225 451 255 ad
473 225 545 255 Div.
572 235 609 255 ex
639 225 751 266 quibus
779 223 816 254 de
838 223 960 254 summe

76 266 207 296 hominis
222 267 320 307 grati&
335 268 404 298 satis
420 267 556 308 cognosci
571 274 679 308 potest.

126 310 212 347 Tiro,
238 310 318 340 Phil.
342 309 388 348 II,
416 312 446 340 4.
473 310 514 348 V,
532 312 561 340 6.
585 316 628 341 est
644 310 806 340 Numisius
822 308 907 347 Tiro,
923 308 962 339 de

78 351 190 382 sicariis
205 352 334 383 Antonii
350 354 509 383 triumviri.

125 396 322 433 Tisamenus,
338 397 408 426 Att.
424 397 507 434 XII,
527 397 575 426 10.
591 407 703 426 servus.

127 439 243 476 Tisias,
260 439 315 470 Or.
333 438 361 476 I,
381 440 428 469 18.
447 439 514 469 Inv.
531 442 561 468 2.
585 439 716 475 Siculus,
734 439 850 479 primus
865 437 965 468 rheto-

79 480 173 510 ricam
186 482 312 522 scripsit.
336 483 426 512 Brut.
445 483 493 512 12.
509 483 571 523 quii
586 482 738 513 occasione
756 488 785 512 et
806 491 866 522 quo
887 487 965 510 tem-

81 534 152 564 pore
168 524 327 565 scripserit.

128 568 288 606 Tithonus,
305 569 407 599 Senec.
435 569 463 598 l.
498 568 713 599 Laomedontis
727 568 820 605 filius,
840 568 967 597 Aurorae

82 610 221 647 maritus,
239 610 275 641 de
291 622 351 651 quo
366 618 438 641 nota
452 618 497 642 est
511 611 624 641 fabula.

130 654 262 691 Titinia,
277 654 386 690 Cottae,
409 655 499 684 Brut.
516 655 567 684 60.
582 664 637 695 pro
649 653 685 684 eS,
699 661 801 685 contra
816 654 879 685 Ser.
893 653 968 683 Nae-

83 695 169 725 vium
188 696 260 726 dicit
275 696 323 726 M.
342 697 455 727 Cicero.

129 740 186 769 Cn.
207 740 356 777 Titinius,
374 739 496 770 Cluent.
514 740 565 770 56.
582 750 672 780 eques
685 740 853 769 Romanus.

130 782 166 817 Q.
189 783 341 820 Titinius,
353 783 440 812 Verr.
459 782 506 820 11,
523 784 574 814 49.
591 793 681 823 eques
691 783 784 812 Rom.
799 781 891 812 frater
902 792 969 822 ger-

84 834 195 855 manus
207 825 242 855 C.
260 826 370 855 Fannii
384 838 392 856 :
413 826 432 855 i.
446 837 471 856 e.
488 837 525 855 ex
541 826 647 856 eadem
663 832 768 855 matre.
786 828 827 859 (v.
846 825 970 855 wesse-

84 867 159 907 ling.
182 868 258 898 Obs.
276 867 303 907 I,
326 870 387 906 13.)
404 868 470 899 Art.
488 868 530 905 V,
547 871 598 898 21.
621 868 814 898 commendat
833 866 972 898 Ciceroni

85 910 125 940 L.
138 911 292 948 Tullium,
307 918 342 941 ut
353 912 488 952 legatum
504 918 612 941 sumat.
636 912 704 940 Att.
717 911 779 947 IX,
793 911 822 940 6.
839 910 920 940 filius
930 915 974 940 est

85 963 156 983 cum
173 953 300 984 Caesare.
326 955 421 985 Hunc
435 955 584 984 Titinium
599 954 697 984 foenus
710 953 875 984 exercuisse
885 953 974 983 intel-

85 995 160 1036 liges
177 1006 214 1026 ex
230 1007 276 1037 ep.
293 1000 322 1026 4.
336 998 387 1027 lib.
406 997 440 1026 II
453 998 491 1027 ad
506 998 574 1027 Att.
591 1004 620 1027 et
638 996 716 1034 VII,
738 998 786 1026 18.

136 1040 260 1076 Titinii,
277 1051 295 1070 a
315 1040 447 1070 Catilina}
462 1041 492 1070 in
508 1040 722 1081 proscriptione
742 1039 869 1071 Sullani»
882 1038 974 1068 inter-

87 1081 156 1112 fecti
171 1090 456 1121 commemcrantur,
474 1084 539 1113 Pet.
555 1082 646 1114 Cons.
664 1084 692 1112 2.

136 1127 249 1164 Titius,
263 1126 356 1156 Dom.
373 1128 402 1157 9.
420 1127 496 1156 Har.
511 1127 605 1167 Resp.
622 1127 673 1161 27.
691 1126 773 1156 Sext.
791 1125 841 1154 52.
858 1135 874 1155 e
889 1124 974 1154 duci-

88 1168 145 1198 bus
161 1178 321 1209 operarum
338 1168 566 1199 Clodianarum.

133 1212 166 1241 C.
194 1213 309 1250 Titius,
330 1212 420 1242 Brut.
438 1214 488 1241 45.
512 1222 603 1252 eques
620 1212 712 1241 Rom.
739 1211 793 1252 qui
807 1210 925 1251 primus
941 1220 976 1240 eo

88 1255 236 1294 pervenit,
259 1265 319 1296 quo
341 1255 495 1295 pervenire
517 1260 615 1295 potest
636 1254 765 1284 Latinus
789 1259 888 1283 orator
912 1253 977 1283 sine

90 1296 203 1328 Graecis
218 1298 321 1327 literis.
345 1298 506 1328 Orationes
522 1298 646 1327 fuerunt
661 1303 767 1334 acutae,
784 1296 887 1326 facetae
902 1296 975 1326 item

90 1340 252 1380 tragoediae,
265 1341 317 1371 sed
328 1351 437 1381 parum
447 1340 559 1381 tragice
569 1340 696 1381 scriptae.
721 1339 810 1370 Vixit
822 1339 860 1368 L.
875 1338 977 1369 Crassi

90 1383 286 1422 temporibus.

137 1427 174 1456 C.
193 1427 310 1465 Titius,
327 1426 364 1456 L.
383 1426 418 1456 F.
437 1427 558 1467 Rzffus,
575 1425 613 1456 ad
629 1425 701 1456 Div.
718 1423 819 1461 XIII,
833 1424 884 1459 57.
899 1434 978 1464 prae-

92 1473 138 1498 tor
153 1470 299 1506 urbanus,
317 1469 414 1499 Paulo
427 1477 457 1500 et
469 1469 616 1500 Marcello
626 1479 698 1499 coss.
712 1469 754 1499 ib.
771 1466 852 1505 XII,
875 1469 920 1497 15.
936 1467 980 1497 le-

91 1517 180 1551 gatus
196 1512 367 1542 Dolabenae
378 1513 409 1541 in
425 1513 512 1542 Asizi.

137 1555 178 1584 L.
202 1556 317 1592 Titius,
334 1556 420 1585 Verr.
435 1556 476 1593 V,
494 1556 545 1585 26.
562 1555 634 1585 civis
650 1555 742 1585 Rom.
763 1554 796 1584 in
809 1553 913 1584 Sicih'ffa
923 1553 980 1583 ha-

96 1596 206 1627 bitans.

140 1641 180 1670 L.
203 1642 306 1672 Titius
323 1643 444 1679 Strabo,
461 1641 499 1671 ad
513 1640 586 1671 Div.
604 1639 704 1677 XIII,
723 1643 772 1669 14.
785 1649 876 1680 eques
886 1639 980 1669 Rom.

95 1682 191 1714 Hunc
207 1684 369 1714 Manutius
384 1685 511 1725 putabat
528 1684 670 1714 eumdem
680 1694 754 1721 esse,
768 1683 832 1723 qui,
847 1682 930 1717 XII,
947 1684 979 1718 (ἱ,

102 1727 210 1758 Tidz'us
233 1728 425 1769 appellatur:
450 1732 493 1762 (v.
519 1727 552 1757 C.
583 1728 718 1763 Tidz'us.)
740 1726 812 1763 sed,
837 1725 981 1766 quoniam

672 1771 692 1799 2
710 1778 731 1799 L
747 1770 767 1799 3
