1137 1848
313 93 461 125 INDEX
486 93 774 127 HISTORICUS.
925 98 983 128 199

102 180 166 212 Att.
180 179 281 219 XIII,
300 181 349 211 19.
366 190 449 222 seqq.
475 180 585 219 Qualis
600 186 709 219 orator,
732 179 814 212 Caec.
835 182 886 212 33.
912 183 982 213 Att.

100 223 182 261 XII,
199 225 250 253 20.

145 268 176 297 C.
196 267 293 303 Cotta,
317 266 374 297 Or.
397 266 464 301 ΙΙΙ,
487 267 517 296 3.
538 266 606 296 trib.
631 267 739 307 plebis,
765 277 826 307 quo
848 278 927 297 anno
944 268 982 298 L.

99 307 225 339 Crassus
248 314 386 339 mortuus
413 315 477 339 est:
510 319 569 339 non
600 309 698 339 multo
728 317 796 350 post
822 321 838 340 e
864 311 983 341 civitate

96 352 217 391 ejectus.

140 395 180 424 L.
198 396 297 432 Cotta,
321 395 488 435 praetorius.
512 395 601 425 Brut.
617 395 669 424 36.
686 395 785 436 qualis
800 402 909 425 orator.

139 438 179 466 L.
198 440 297 474 Cotta,
321 438 411 467 Brut.
428 438 479 467 21.
496 443 652 467 accusatur
672 449 690 467 a
707 439 743 468 P.
761 438 908 468 Africano
923 439 982 468 mi-

95 479 161 510 non·
175 491 183 509 ε
207 481 346 510 defensus
361 491 379 510 a
390 480 430 518 Q.
443 480 570 510 Metello
583 480 792 517 Macedonico,
806 481 980 511 absolvitur.

96 523 254 553 Veterator
268 523 389 553 habitus
405 528 459 559 est,
475 523 506 552 h.
531 534 556 553 e.
574 523 700 553 callidus
724 524 754 553 in
771 524 868 553 causis
889 534 981 564 agen-

95 565 150 595 dis.
173 566 361 606 Exemplum
378 565 547 596 calliditatis
559 566 590 595 in
601 566 756 596 tribunatu
769 567 859 596 habet
875 567 980 596 Valer.

96 607 145 637 Μ.
170 609 232 645 VI,
257 611 287 638 5.
313 619 404 649 quem
431 608 468 638 ad
494 608 533 638 A.
560 610 631 638 599.
656 608 745 638 refert
766 609 903 649 Pighius.
930 608 979 640 Cf.

96 650 183 681 Mur.
199 655 251 681 ¹22.
275 651 362 681 Font.
383 652 430 681 13.
447 651 478 680 in
494 652 535 689 Q.
553 650 654 681 Caecil.
672 654 723 681 21.

139 695 178 723 L.
196 694 296 731 Cotta,
320 693 375 724 Or.
402 695 450 730 II,
473 695 524 729 47.
549 694 604 724 Or.
623 694 689 731 III,
712 695 763 729 47.
786 694 853 724 trib.
878 695 920 735 pl.
936 695 980 724 A.

96 736 138 766 U.
155 738 227 767 (559.
250 747 318 766 cum
336 736 375 766 T.
391 736 484 766 Didio
499 742 528 766 et
545 736 581 767 C.
599 737 756 772 Norbano,
774 748 834 777 quo
850 738 979 777 rogatio-

93 788 164 809 nem
181 779 211 809 in
229 778 402 820 Caepionem
423 779 546 815 ferente,
563 789 633 809 cum
655 780 717 809 una
737 789 806 809 cum
823 780 916 809 Didio
934 781 981 809 in-

94 822 242 852 tercedere
257 822 357 858 vellet,
382 822 411 852 vi
431 833 446 852 e
467 822 581 861 templo
606 822 711 862 pulsus
732 828 784 852 est.
808 824 896 852 Orat.
913 822 978 859 ΙΙΙ,

97 867 110 893 1
121 868 144 895 l.
169 865 209 903 Q.
228 865 331 896 Catuli
346 865 466 902 sodalis,
483 864 634 904 gaudebat
648 864 794 905 gravitate
809 865 932 905 linguae,
950 871 980 895 et

93 917 166 938 sono
181 908 259 938 vocis
275 908 392 948 agresti.

140 951 179 980 L.
197 951 294 986 Cotta,
318 950 366 980 Μ.
393 951 494 980 frater.
518 948 635 980 Auctor
650 950 724 989 legis
739 950 876 980 Aureliae
897 950 978 989 judi-

95 992 200 1023 ciariae.
224 993 314 1025 Catil.
343 994 410 1029 III,
436 996 464 1022 8.
488 993 600 1034 Agrar.
622 992 669 1030 11,
693 995 739 1024 17.
765 993 802 1022 L.
830 993 979 1033 Torquati

94 1036 208 1076 collega
222 1037 253 1066 in
274 1036 444 1072 consulatu,
469 1036 508 1066 A.
532 1037 572 1066 U.
590 1037 661 1065 688.
678 1035 715 1065 de
731 1035 803 1065 Div.
825 1035 852 1071 1,
881 1037 927 1065 12.
944 1046 979 1065 eo

93 1084 123 1108 et
143 1079 300 1120 Torquato
324 1079 507 1115 consulibus,
529 1079 652 1119 Jupiter
669 1077 855 1118 Capitolium
880 1078 977 1118 petiit,

94 1127 124 1151 et
146 1121 230 1162 ignes
253 1122 364 1160 injecit.
389 1121 427 1151 ad
452 1121 524 1151 Div.
552 1121 635 1158 XII,
663 1122 692 1150 2.
721 1121 925 1161 desperatione
945 1121 976 1150 in

93 1170 231 1194 senatum
247 1174 307 1195 non
323 1164 413 1194 venit.
435 1162 529 1194 Dom.
551 1164 602 1193 26.
619 1164 739 1203 negavit
754 1164 852 1203 legem
868 1163 905 1193 de
922 1163 975 1194 Ci-

92 1207 206 1237 ceronis
229 1207 326 1238 reditu
350 1206 503 1237 ferendam
520 1217 592 1241 esse,
609 1207 690 1247 quod
713 1207 763 1236 lex
781 1205 889 1237 Clodia
909 1207 978 1245 jure

92 1249 153 1279 lata
168 1259 228 1280 non
244 1256 327 1280 esset.
349 1249 419 1279 Div.
438 1250 485 1285 II,
502 1251 554 1279 21.
570 1250 638 1279 Att.
655 1249 737 1285 XII,
754 1250 807 1278 23.

134 1293 182 1322 M.
199 1294 300 1331 Cotta,
324 1292 411 1323 Verr.
436 1291 499 1329 VI,
527 1293 576 1322 13.
598 1292 635 1321 L.
660 1291 785 1321 Luculli
805 1292 920 1332 collega
942 1291 973 1321 in

90 1336 259 1373 consulatu,
282 1338 325 1366 A.
341 1336 381 1365 U.
398 1336 471 1370 679.

133 1379 181 1408 M.
199 1379 299 1416 Cotta,
322 1379 390 1408 Att.
413 1378 459 1416 X,
489 1377 538 1413 16,
566 1377 649 1412 XII,
671 1379 723 1406 22.
743 1381 853 1417 praetor
873 1377 975 1407 Sardi-

90 1420 173 1450 niam
195 1427 286 1460 tenet,
309 1421 459 1452 Marcello
479 1426 508 1450 et
528 1420 662 1450 Lentulo
682 1429 756 1450 coss.
780 1430 817 1449 ex
838 1420 919 1450 SCto
942 1420 973 1449 in

89 1463 169 1494 bello
183 1464 273 1494 civili.

133 1508 251 1545 Cultus,
269 1506 331 1537 Pis.
356 1509 407 1537 31.
435 1516 488 1536 rex
511 1505 663 1541 Thraciae,
684 1504 722 1535 L.
739 1505 882 1535 Pisonem
900 1505 973 1535 Ma-

89 1549 220 1580 cedoniae
237 1550 445 1590 proconsulem
460 1548 590 1589 pecunia
610 1548 788 1588 corrumpit,
811 1553 846 1577 ut
861 1548 975 1588 legatos

86 1592 247 1622 Bessorum
265 1592 433 1623 interficiat.

131 1636 172 1665 L.
193 1636 305 1666 Varius
321 1636 440 1674 Cotyla,
464 1634 546 1664 Phil.
559 1634 603 1670 V,
618 1635 647 1663 2.
660 1633 699 1663 ad
707 1633 881 1663 Antonium
894 1632 970 1663 Mu-

87 1677 183 1707 tinam
198 1678 385 1708 obsidentem
401 1688 431 1708 se
446 1677 569 1707 confert.
592 1676 678 1706 Phil.
693 1676 794 1713 VIII,
814 1677 862 1706 10.

132 1721 273 1758 Crantor,
296 1721 353 1751 Or.
369 1720 435 1757 III,
462 1722 509 1750 18.
531 1719 629 1749 Acad.
644 1719 672 1755 l,
698 1721 746 1748 10.
769 1718 971 1749 Academicus

89 1772 106 1793 e
121 1768 219 1794 vetere
232 1763 412 1803 Academia,
422 1762 466 1793 nil
477 1764 515 1794 ab
530 1762 693 1793 Aristotele
703 1761 847 1792 dissentit.
871 1761 973 1792 Acad.
