1122 1868
127 66 168 103 27
171 67 191 97 4
338 65 489 99 INDEX
512 66 544 97 H
548 64 797 98 ISTORICUS.

128 153 214 225 ΕΩ.
232 152 359 193 Lollius,
384 153 472 184 Verr.
495 151 556 192 IV,
583 154 635 184 25.
660 161 752 194 eques
771 150 863 182 Rom.
881 149 915 182 in
937 148 1013 181 Sici-

153 206 181 226 a.

174 239 212 275 Q.
226 240 355 277 Lollius,
372 239 414 278 Q.
431 237 579 271 iil-*Verr.
601 237 662 278 IV,
679 240 731 270 25.
754 236 909 269 Calidium
923 245 1010 268 accu-

129 282 226 318 savit3
250 282 403 313 occiditur.

127 366 145 397 f
170 326 298 364 Lollius,
324 326 391 356 Att.
417 324 464 364 ῙῙ,
495 327 525 356 2.
554 324 673 356 videtur
701 322 857 355 nonnullis
884 321 1010 363 scriptor

143 378 230 398 uisse.

171 411 338 451 Longilius,
351 411 392 449 Q.
409 411 460 442 Fr.
478 410 524 449 II,
541 411 571 441 6.
583 409 742 440 redemtor.

170 454 332 495 Longinus,
353 460 397 484 est
421 463 586 495 cognomen
603 453 784 483 Cassiorum.
817 451 873 483 Or.
898 450 928 488 I,
953 450 1006 480 60.

127 496 241 526 amicus
256 497 386 527 Antonii
403 497 551 533 Oratoris,
563 495 704 532 historiae,
718 495 795 534 juris
810 494 896 535 publ.
912 498 941 523 et
955 502 1011 522 an-

125 538 273 579 tiquitatis
298 540 505 580 peritissimus.
539 538 589 569 De
613 538 718 568 eodem
746 537 880 577 intellige
901 535 1006 566 Plane.

126 584 177 611 24.
194 582 218 611 si
233 592 323 612 sanus
339 588 382 612 est
397 583 491 619 locus,
517 582 551 611 C.
570 581 684 611 Cassius
696 580 856 619 Longinus.

171 625 219 655 Τι.
236 625 367 665 Longus,
383 624 474 656 Corn.
485 625 511 655 Ι.
527 623 631 656 consu]
647 632 717 653 cum
730 623 765 653 P.
778 622 923 653 Africano
932 620 1007 660 maj.

127 666 168 696 A.
186 669 258 697 559.

169 711 201 740 C.
232 711 388 747 Lucceius,
419 709 455 740 C.
479 710 517 740 F.
540 709 664 746 Hirrus,
693 707 837 748 Pupinia„
867 706 907 737 ad
928 706 1004 737 Div.

124 751 223 790 VIII,
243 755 271 783 1.
293 752 380 784 Coelii
403 752 580 794 competitor
601 752 634 782 in
653 751 805 783 aedilitate.
827 750 868 782 V.
883 749 916 780 in
931 749 1011 780 Hir-

127 805 189 824 rus.

165 838 224 868 Cn.
238 838 393 878 Lucceius,
411 838 480 869 Att.
499 838 595 876 XVI,
611 839 642 867 5.

168 880 205 910 L.
226 881 387 919 Lucceius,
412 881 454 919 Q.
467 882 504 912 fr.
529 882 598 912 Att.
616 880 677 918 IX,
697 882 725 910 l.
752 878 900 921 Pompeio
918 877 1009 909 fami-

121 922 217 961 liaris,
233 924 316 964 apud
331 934 401 955 eum
424 934 569 964 magnam
592 923 684 954 habet
701 922 919 954 auctoritatem.
934 921 1005 951 Att-

122 965 152 1004 I,
172 969 221 995 11.
242 966 382 997 inimicus
406 967 441 997 fit
465 967 569 997 Attici.
591 965 620 1004 I,
650 967 698 1002 17.
724 966 756 996 in
779 966 882 996 animo
915 964 1008 994 habet

124 1009 315 1040 consulatum
331 1016 439 1050 petere.
458 1010 496 1040 ad
507 1009 580 1040 Div.
597 1009 640 1048 V,
660 1012 708 1040 10.
724 1008 866 1039 historica
880 1008 945 1047 ejus
962 1006 1008 1036 fa-

122 1052 218 1081 cultas
237 1052 397 1083 laudatum
424 1059 454 1084 et
476 1054 514 1083 ab
539 1063 573 1083 eo
591 1052 781 1083 consulatum
807 1061 898 1081 suum
919 1049 1008 1080 scribi

121 1095 188 1124 vult
200 1094 315 1125 Cicero.
339 1095 389 1126 De
409 1096 489 1126 bello
505 1096 612 1126 Italico
627 1101 655 1124 et
670 1094 750 1125 civili
765 1093 891 1135 scripsit.
915 1091 1004 1122 Idem

122 1145 235 1167 nomen
261 1139 388 1168 occurrit
412 1138 452 1168 ad
477 1138 550 1168 Div.
566 1136 666 1177 XIII,
682 1140 733 1168 41.
749 1137 824 1167 Coel.
844 1139 892 1167 10.
926 1135 1006 1175 Ejus

122 1179 248 1220 epistola
260 1186 303 1210 est
317 1181 356 1210 ad
366 1181 438 1211 Div.
455 1180 496 1218 V,
516 1184 565 1210 14.

166 1224 208 1253 Ρ.
225 1224 386 1263 Lucceius,
406 1223 445 1254 ad
460 1223 533 1255 Div.
549 1222 630 1262 XII,
657 1224 709 1254 25.
725 1226 777 1254 30.
800 1222 855 1252 ubi
878 1219 1005 1263 quidam

125 1264 206 1301 libri,
224 1267 365 1297 Luce-ius.

166 1308 202 1344 Q.
220 1308 375 1346 Lucceius,
385 1309 472 1340 Verr.
486 1309 546 1347 VI,
563 1310 614 1339 64.
630 1308 815 1349 argentarius
827 1305 998 1347 Rheginus.

123 1352 326 1423 FlLuccez'us,
341 1352 441 1383 Flacc.
457 1356 509 1382 83.
532 1352 715 1394 subscriptor
731 1351 774 1382 D.
790 1350 881 1382 Laelii
901 1353 1004 1380 eontra

164 1404 279 1424 aecum.

167 1437 324 1475 Lucceius,
340 1437 390 1468 M.
407 1438 443 1468 F.
459 1438 498 1468 ad
512 1438 580 1469 Att.
595 1436 638 1475 V,
655 1440 707 1468 21.

166 1478 204 1508 Ρ.
220 1480 360 1518 Luccius,
377 1481 415 1511 ad
431 1481 505 1512 Div.
521 1481 603 1518 XII,
621 1483 672 1511 25.
688 1486 731 1511 est
746 1480 783 1511 P.
803 1477 961 1510 Lucceius.

163 1522 306 1559 Luc-ihus,
322 1523 377 1554 Or.
395 1523 441 1562 II,
466 1525 518 1559 70.
543 1524 641 1554 nescio
656 1523 733 1564 quis.
757 1522 895 1563 Pighius,
913 1531 929 1551 e
944 1528 1003 1554 vet.

120 1563 184 1592 cod.
207 1564 280 1604 legit
296 1566 454 1603 Lucullus,
468 1573 497 1597 et
512 1567 592 1607 capit
611 1566 649 1597 de
668 1572 753 1607 patre
772 1565 854 1595 iuius
870 1564 923 1606 qui
937 1566 1002 1596 bel-

123 1604 189 1636 lum
207 1606 347 1637 Mithrid.
363 1609 463 1648 gessit.

162 1649 299 1678 Lzaeilius
315 1650 434 1688 Bassus,
450 1651 518 1682 Att.
535 1650 616 1688 XII,
632 1653 662 1681 5.
681 1650 780 1681 malus
794 1656 906 1680 auctor.

165 1692 198 1722 C.
211 1692 357 1732 Lucilius,
380 1697 479 1734 podita.
502 1694 557 1725 Or.
575 1693 623 1732 ΙΙ,
644 1695 675 1725 6.
690 1704 744 1725 nec
757 1693 934 1725 doctissimis
945 1702 1000 1725 nec
