1137 1848
335 78 486 111 INDEX
509 79 540 110 H
546 79 795 112 ISTORICUS.
948 81 1011 118 307

170 166 208 196 Ρ.
225 166 379 205 Nigidius
403 166 545 205 Figulus,
569 166 646 196 Sull.
671 166 718 196 14.
735 166 810 206 petit
833 171 1011 206 praeturam,

125 207 269 238 Cicerone
294 219 351 238 cos.
377 209 442 246 Qu.
465 209 514 238 Fr.
542 207 569 244 I,
590 213 621 238 2.
642 210 672 238 5.
693 215 812 249 praetor.
835 209 900 239 Att.
918 208 963 245 II,
982 214 1013 239 2.

122 251 238 289 judices
258 251 359 281 adesse
380 252 467 292 cogit.
492 250 569 284 VII,
590 253 641 280 24.
664 262 682 280 a
706 251 854 288 Domitio,
877 252 1011 282 Corfinio

125 293 264 334 Capuam
289 294 429 324 mittitur.
461 294 499 324 ad
529 294 601 323 Div.
631 293 691 329 lv.
727 297 773 323 13.
801 295 899 324 exsuli
924 305 1009 334 spem

125 336 229 366 Cicero
253 337 323 366 facit
346 336 491 367 redeundi
516 337 659 367 Romam.
685 336 736 366 De
760 347 794 367 eo
815 348 841 367 v.
867 338 1010 378 Rutgers.

123 378 198 409 Var.
216 379 252 409 L.
273 378 336 415 ΙΙΙ,
356 380 402 409 16.

167 423 278 459 Mhzs,
303 423 368 452 Att.
385 422 451 460 XI,
471 425 519 452 ll.
537 426 588 453 23.
609 422 686 454 servi
700 428 753 453 aut
768 422 868 453 liberti
883 433 1007 461 nomen,

124 463 183 494 nisi
198 475 256 494 vox
272 472 412 506 corrupta
427 471 479 495 est.

167 509 281 545 Niobe,
297 508 390 538 Tusc.
409 507 473 545 ΙΙΙ,
491 509 541 538 26.

168 551 205 580 L.
235 552 380 581 IVinm'us
403 553 593 587 Quadratus,
615 551 683 581 Att.
707 551 751 587 X,
777 551 826 581 16.
850 552 933 582 Sext.
956 553 1008 583 31.

122 599 191 633 post
214 594 316 624 Redit.
334 594 366 623 in
391 595 460 625 Sen.
483 599 511 624 2.
538 594 663 625 Calend.
682 594 786 624 Juniis
807 594 845 623 de
867 594 1011 626 Cicerone

122 636 289 666 revocando
314 637 427 674 retulit,
447 637 532 666 nullo
553 637 756 673 dissentiente.
776 637 828 666 illo
844 636 908 677 ipso
929 648 1009 668 anno

122 688 184 718 quo
205 679 350 719 expulsus
373 685 426 709 est.
460 680 527 709 Alii
553 680 659 720 legunt
682 680 870 710 Mummius.
896 680 936 711 V.
967 682 1008 711 Ι..

121 722 297 753 Mummius
315 722 505 757 Quadratus.

164 766 298 804 Niptra,
321 765 414 796 Tusc.
446 765 492 803 ΙΙ,
514 768 566 796 23.
591 765 695 796 fabula
715 765 871 806 Sophoclis
898 772 927 796 et
948 767 1009 797 Pa-

119 817 211 837 cuvu.

164 852 277 885 .Nisus.
301 850 338 881 de
352 851 395 881 N.
412 849 453 881 D.
472 850 536 888 III,
552 854 602 881 23.
619 856 703 891 pater
718 851 831 882 Bacchi
846 852 1006 890 cujusdam

119 903 157 923 ex
174 894 312 934 Thyone.

164 937 199 972 Q.
218 938 373 973 A'obz'lior,
390 936 438 966 M.
452 937 487 966 F.
502 937 592 967 Brut.
607 939 658 966 90.
674 937 829 967 literarum
843 937 1006 974 studiosus,

117 978 256 1009 Ennium
272 980 391 1010 civitate
406 980 540 1017 donavit,
553 990 623 1010 cum
639 980 779 1010 triumvir
794 980 942 1010 coloniam
956 981 1008 1010 de-

115 1021 260 1052 duxisset.
278 1023 319 1052 V.
346 1023 381 1058 Q.
398 1024 532 1053 Fulvius
551 1024 623 1053 Mb.

157 1066 312 1100 Nudinns,
337 1066 380 1095 N.
410 1066 450 1095 D.
484 1066 550 1102 ΙΙΙ,
578 1070 628 1096 20.
657 1064 743 1095 Deus
769 1065 1001 1102 Romanorum3

114 1108 233 1149 proprie
249 1108 358 1138 fluvius
373 1119 466 1149 prope
482 1109 626 1139 Romam.

160 1151 197 1186 Q.
224 1152 390 1182 Considius
419 1153 593 1189 Nonianus,
617 1152 656 1181 ad
682 1151 754 1182 Div.
781 1150 879 1187 XVI.
911 1155 959 1182 12.
984 1162 1002 1182 e

115 1199 205 1234 gente
231 1194 336 1224 Noni&
359 1194 390 1224 in
419 1193 595 1225 Considiam
618 1194 786 1235 adoptatus.
811 1194 851 1223 Ei
873 1193 1004 1224 decernit

115 1242 236 1266 senatus
249 1237 383 1267 Galliam
400 1237 577 1275 citeriorem,
596 1237 707 1267 Caesari
722 1236 925 1267 adimendam.

157 1280 204 1309 M.
230 1279 351 1310 Nonius
371 1279 522 1320 Suffenas.
545 1281 613 1310 Att.
634 1279 695 1316 VI,
720 1282 746 1309 1.
767 1279 866 1309 Cretae
885 1286 914 1310 et
939 1278 1002 1320 Cy-

112 1332 255 1352 renarum
270 1329 446 1363 propraetor,
463 1333 533 1353 cum
550 1322 654 1353 Cicero
669 1323 700 1352 in
719 1321 826 1353 Cilicia
841 1328 925 1352 esset.

157 1366 194 1396 C.
212 1366 392 1404 Norbanus,
416 1376 432 1396 e
451 1366 566 1396 Juniis.
590 1365 676 1396 Orat.
699 1364 745 1401 ΙΙ,
764 1368 814 1395 21.
834 1368 885 1395 25.
903 1367 954 1395 47.
971 1371 1001 1395 et

111 1411 163 1439 48.
178 1408 232 1448 qui
247 1409 386 1439 tribunus
400 1409 443 1449 pl.
459 1409 500 1446 Q.
517 1408 678 1438 Servilium
692 1408 865 1448 Caepionem
881 1418 899 1438 a
914 1408 1000 1438 Cim-

111 1451 174 1481 bris
188 1451 303 1481 victum
318 1452 461 1482 omnibus
476 1451 574 1480 modis
589 1451 720 1487 vexavit,
736 1451 863 1491 ideoque
877 1461 1000 1481 accusa-

113 1499 162 1524 tus
185 1504 203 1523 a
228 1494 264 1524 P.
281 1494 415 1535 Sulpicio
434 1493 530 1531 Rufo,
551 1493 672 1523 tribuno
690 1494 732 1534 pl.
753 1493 894 1523 defensus
914 1504 932 1524 a
948 1494 998 1524 Μ.

113 1536 248 1566 Antonio
265 1537 401 1573 Oratore,
418 1538 504 1576 cujus
520 1542 652 1577 quaestor
671 1537 778 1566 fuerat.
802 1535 865 1566 Off.
882 1535 928 1574 11,
949 1538 998 1566 14.

112 1579 270 1610 seditiosus
291 1586 320 1610 et
343 1580 458 1610 inutilis
472 1579 553 1609 civis.
579 1579 640 1610 Hic
664 1585 718 1616 est.
738 1579 791 1619 qui
809 1585 878 1620 post
892 1580 998 1610 consul

115 1633 185 1652 cum
200 1622 237 1652 L.
254 1623 404 1664 Scipione,
420 1633 491 1653 ann.
509 1622 583 1661 670,
597 1632 615 1652 a
627 1622 714 1653 Sulla
728 1622 824 1652 victus
845 1628 898 1653 est.
916 1622 999 1653 vell.

112 1664 158 1702 ΙΙ,
176 1667 227 1695 25.

108 1705 110 1707 ’
155 1710 188 1739 C.
205 1709 384 1745 Norbanus.
408 1709 496 1739 Verr.
527 1707 586 1745 IV,
614 1709 664 1739 49.
689 1714 798 1749 praetor
822 1706 995 1739 Siciliensis.

113 1751 201 1782 Verr.
217 1752 280 1790 Vl,
297 1754 326 1783 4.
343 1752 477 1783 Siciliam
493 1751 620 1782 otiosam
635 1751 750 1782 habuit.
