1137 1848
281 87 432 119 INDEX
455 87 744 119 HISTORICUS.
890 87 950 119 195

65 172 196 204 Ursinus
211 172 248 203 de
261 172 346 204 Caio.
369 174 429 205 Sed
439 173 602 204 Manutius
610 174 704 210 idem,
717 172 755 202 ad
767 174 835 203 Λα.
849 173 950 211 VIII,

67 217 117 246 11.
132 222 210 247 recte
224 216 263 246 ad
286 216 334 246 M.
350 217 451 255 refert,
477 217 531 258 qui
553 217 597 247 ibi
616 217 724 247 diserte
741 223 851 256 praetor
866 227 953 247 voca-

65 265 125 289 tur.

38 339 42 344 .
109 302 169 338 Qu.
196 303 358 334 Considius
384 303 498 340 Gallus,
520 303 559 333 ad
577 302 650 332 Div.
677 301 759 338 XII,
784 304 835 331 2²5.
861 302 951 332 Verr.

64 343 112 382 II,
137 346 167 380 7.
192 344 314 376 Cluent.
330 347 381 375 28.
406 346 540 376 Senator.
558 346 625 376 Att.
647 347 696 383 ll,
714 347 765 375 24.
787 355 878 375 senex
893 346 954 374 for-

65 387 198 418 tissimus
224 388 364 418 timorem
391 394 575 425 senatorum,
601 388 638 418 de
663 395 760 418 morte
784 399 802 417 a
827 387 956 419 Caesaris

63 430 224 468 militibus,
241 432 328 461 tollit.
352 432 420 461 Att.
438 431 466 469 1,
490 434 534 461 12.
559 432 726 462 foenerator.
751 431 802 460 De
823 432 888 470 ejus
907 430 955 461 fa-

64 473 175 504 cilitate
191 480 220 504 et
235 474 386 515 aequitate,
404 475 464 505 vid.
481 475 584 505 Valer.
601 474 690 504 Max.
708 473 768 511 IV,
785 475 815 503 8.

61 512 69 521 ⁴
105 518 137 546 C.
155 518 318 556 Coponius,
342 517 379 547 de
395 517 468 548 Div.
486 517 514 553 Ι,
532 521 582 548 31.
598 517 690 547 homo
706 517 839 557 prudens
856 522 950 557 atque

62 559 179 590 doctus.
201 560 267 590 Att.
284 559 382 598 VIII,
403 564 450 592 12.
467 567 588 602 praetor,
604 559 641 591 C.
660 560 810 591 Marcello
825 569 855 590 et
870 560 953 590 Len-

67 602 132 632 tulo
148 612 223 633 coss.

109 645 159 675 M.
179 647 344 685 Coponius,
361 646 417 677 Or.
434 646 465 683 I,
480 648 532 678 39.
549 646 595 682 II,
612 647 664 676 32.
686 646 776 676 Brut.
791 647 842 676 52.
858 655 876 675 a
891 644 956 682 Qu.

65 688 199 719 Scaevolis„
214 689 386 719 defenditur
401 696 503 719 contra
519 690 568 720 Μ’
587 688 728 719 Curium.

111 733 148 762 T.
168 732 332 771 Coponius,
355 733 444 762 Balb.
465 734 517 762 23.
541 732 735 770 Tiburtinus,
758 732 902 762 damnato
919 731 956 761 C.

65 773 222 812 Massone.
245 775 315 806 civis
339 775 431 805 Rom.
452 775 549 806 factus
565 781 618 806 est.
642 775 780 816 Nepotes
796 774 906 805 habuit
920 775 958 804 T.

67 823 96 847 et
114 816 150 847 C.
169 817 331 858 Coponios.

114 861 150 890 T.
166 867 195 890 et
212 863 244 891 C.
263 862 403 901 Coponii,
415 861 490 892 Coel.
507 862 555 892 10.
567 861 768 891 adolescentes
785 859 961 890 doctissimi.

110 905 223 940 Coram,
247 904 303 935 Or.
329 904 357 941 I,
388 908 435 935 18.
460 903 526 941 III,
551 908 602 934 21.
625 904 758 941 Siculus,
781 903 907 943 scriptor
923 903 961 932 de

69 946 219 976 rhetoric&
242 948 481 988 antiquissimus.
505 948 595 977 Brut.
616 949 663 977 12.
687 947 749 987 quii
765 946 918 976 occasione
934 951 964 975 et

68 995 202 1030 tempore
217 995 312 1020 artem
328 990 509 1021 rhetoricam
525 990 673 1030 scripserit
687 991 700 1019 :r

112 1033 151 1062 L.
171 1034 302 1070 Cordus,
326 1033 414 1063 Verr.
432 1034 474 1071 V,
491 1035 542 1063 20.
560 1033 728 1073 negotiator
744 1032 875 1062 Siculus.

112 1076 152 1105 L.
171 1077 337 1118 Corfidius,
360 1086 415 1116 pro
440 1076 510 1116 Lig.
539 1079 588 1106 ll.
613 1086 705 1116 eques
728 1075 820 1104 Rom.
845 1073 962 1113 Ligarii

65 1118 236 1149 advocatus.
263 1120 334 1150 vid.
354 1120 527 1160 Curfidius.
552 1119 615 1149 Hic
640 1124 695 1155 est,
724 1123 759 1147 ut
779 1117 896 1158 opinor,
925 1116 964 1146 de

69 1162 155 1200 cujus
178 1161 333 1202 inopinato
357 1162 454 1192 reditu
476 1163 508 1192 in
528 1162 634 1197 vitano,
662 1160 796 1200 lepidam
823 1160 960 1189 fabulam

74 1215 90 1235 e
106 1204 243 1236 Varrone
258 1211 360 1235 narrat
376 1205 457 1234 Plin.
474 1205 517 1235 H.
535 1205 578 1235 N.
595 1204 677 1241 VII,
695 1205 746 1233 52.

117 1249 253 1286 coricus,
278 1249 359 1278 Phil.
377 1247 478 1285 XIII,
498 1249 546 1277 12.
564 1247 636 1283 sive,
649 1253 684 1276 ut
700 1245 826 1286 quidam
842 1245 962 1282 volunt,

76 1291 113 1321 C.
133 1292 250 1321 Oriens.
273 1291 386 1321 AEdilis
403 1290 531 1322 Caesaris
545 1289 701 1327 beneficio,
719 1299 736 1318 a
753 1288 898 1320 Cicerone
911 1287 964 1317 de-

71 1333 174 1364 fensus
190 1344 252 1364 esse
267 1334 396 1364 videtur.

118 1378 315 1413 Coriolanus,
337 1378 497 1415 Marcius,
522 1377 612 1408 Brut.
638 1377 686 1406 11.
702 1384 773 1405 cum
788 1373 967 1404 Themisto-

75 1419 120 1450 cle
135 1426 334 1460 comparatur.

119 1464 262 1494 Cornelia
283 1474 364 1503 gens.
387 1463 463 1503 Leg.
490 1462 536 1500 II,
560 1465 612 1492 22.
629 1471 667 1491 ex
689 1459 722 1491 ea
743 1470 833 1490 nemo
848 1470 963 1489 crema-

76 1510 137 1543 tus,
155 1506 205 1535 sed
220 1516 324 1536 omnes
344 1506 464 1535 humati
484 1511 563 1535 sunt.
588 1504 712 1535 Primus
728 1513 766 1533 ex
781 1502 816 1533 ei).
837 1502 966 1539 familiir,

76 1554 106 1579 et
121 1549 245 1589 quidem
260 1547 395 1589 patriciu,
412 1549 499 1579 Sulla
514 1548 610 1578 voluit
626 1546 761 1577 cremari.

119 1592 267 1628 Cornelii,
299 1601 354 1631 pro
382 1591 474 1621 Corn.
504 1591 532 1620 Ι.
557 1597 621 1620 tam
650 1588 742 1619 multi
766 1588 902 1625 fuerunt,
932 1593 969 1617 ut

77 1633 169 1664 etiam
184 1634 345 1674 collegium
361 1634 558 1664 constitutum
576 1633 625 1663 sit.

122 1678 278 1714 Cornelia,
299 1684 396 1707 mater
408 1677 626 1707 Gracchorum.
649 1675 739 1705 Brut.
755 1674 807 1704 26.
821 1673 898 1703 filios
913 1673 969 1703 do-

77 1719 149 1792 (iuit.
171 1719 318 1762 Epistolae
333 1721 408 1760 ejus.
428 1719 518 1750 Brut.
534 1720 587 1749 28.
609 1718 648 1749 de
668 1718 742 1748 Div.
759 1716 806 1755 II,
823 1718 876 1747 29.
900 1714 970 1746 Inv.

100 1784 109 1801 ,
126 1762 178 1793 48.
