1137 1848
264 76 414 108 INDEX
437 75 723 108 HISTORICUS.
876 75 937 106 411

53 162 160 201 civilis,
182 172 253 194 cum
275 162 403 204 imperio
426 162 528 193 fuisse.
551 162 614 193 Hic
639 168 694 201 est,
716 161 781 203 qui,
810 161 847 191 A.
863 161 939 199 692,

52 212 195 248 quaestor,
212 211 253 244 et,
270 207 311 236 A.
329 207 403 243 700,
424 211 534 247 praetor
548 207 683 236 urbanus
698 205 767 244 fuit,
789 211 819 234 et
834 203 943 233 deinde

54 249 239 290 Pompeium
262 249 294 278 in
319 249 532 279 Macedoniam
560 255 679 278 secutus
705 254 758 278 est.
789 248 944 278 Caeterum

52 291 131 322 illud
157 292 330 322 addendum
351 298 395 322 est
420 302 459 322 ex
474 291 560 321 Phil.
577 290 643 329 111,
671 292 700 321 6.
726 291 878 322 Voconius
906 299 944 319 ex

54 335 159 366 Aricia
170 335 262 365 fuisse
277 342 366 365 ortos.

98 380 132 408 C.
151 379 314 415 Volcatius,
328 378 418 408 Corn.
437 377 467 416 I,
483 377 519 407 fr.
533 378 578 407 vir
592 376 831 413 honestissimus,
849 386 867 406 a
883 374 943 407 Cn.

53 420 217 452 Dolabella
232 421 388 451 communi
411 426 440 450 et
463 421 639 461 quotidiano
660 421 728 459 jure
744 420 890 460 privatur.
913 419 945 448 Is

51 470 108 501 est,
124 464 162 495 de
176 464 262 504 cujus·
285 464 386 494 subit&⁴
400 470 498 494 morte
517 464 648 501 Plinius,
666 463 711 493 H.
729 463 772 493 N.
792 461 872 497 VII,
890 462 944 499 53,

53 507 155 538 tradit.

99 551 143 580 L.
165 551 318 581 Volcatius
335 551 453 589 Tullus,
477 550 583 580 Plane.
610 552 662 580 21.
678 549 710 579 in
726 549 868 579 adilitate
893 558 947 588 pe-

58 593 150 623 tenda
166 594 318 634 repulsam
334 594 392 624 fert
405 605 414 630 ;
438 599 542 634 postea
556 598 659 623 tamen
675 593 780 622 consul
801 592 862 621 fuit
875 601 947 621 cum

56 635 106 671 Μ’
123 636 253 667 AEmilio
277 636 405 677 Lepido,
429 638 472 667 A.
489 636 530 665 U.
547 636 619 671 687.
645 636 725 675 Tog.
753 634 852 666 Cand.
869 634 946 673 frag.

56 679 217 709 consilium
238 680 340 715 habet,
368 689 406 709 an
430 679 559 720 petentis
584 678 777 708 consulatum
805 677 948 708 Catilinae

58 721 135 752 ratio
149 721 289 752 habenda
304 728 399 758 esset3
423 727 630 762 negatumque
654 727 699 751 est
722 721 749 751 ei
766 726 946 762 potestatem

57 765 179 805 petendi
194 765 415 796 concedendam
442 775 513 795 esse.
540 765 579 794 ad
594 765 666 794 Div.
685 763 713 801 Ι,
744 768 769 794 l.
799 762 947 804 Pompeio

57 813 156 838 censet
169 808 390 839 restitutionem
406 808 565 838 Ptolemaei
580 807 839 838 committendam.

102 850 139 880 L.
160 852 313 881 If'olcatius
340 852 460 887 Iullus,
487 850 526 880 L.
557 850 594 880 F.
617 850 655 880 ad
679 850 752 880 Div.
774 848 876 887 XIII,
898 850 946 878 14.

57 899 167 934 praetor
182 896 318 924 urbanus
333 895 376 924 A.
393 896 409 929 7
414 896 454 929 07
458 916 467 930 ,
480 893 517 929 is,
534 893 587 933 qui
602 899 704 933 postea
716 893 820 923 consul
836 892 894 921 fuit
905 892 948 920 A.

59 938 131 971 720.
146 937 185 967 ad
200 937 272 967 Div.
291 936 352 976 IV,
369 938 399 967 4.
426 937 473 966 M.
495 936 643 967 Marcello
666 936 810 975 offensus,
837 933 951 965 Caesari

57 988 119 1010 non
134 980 197 1020 agit
211 980 334 1020 gratias,
351 991 385 1011 eo
399 980 546 1010 restituto.

109 1023 272 1062 Volcatius,
289 1024 378 1054 Verr.
399 1023 466 1061 III,
486 1023 534 1053 19.
559 1023 611 1053 23.
628 1023 684 1053 ἃς.
707 1032 788 1052 unus
804 1031 820 1052 e
835 1019 953 1051 comiti-

58 1066 116 1098 bus
133 1065 172 1098 C.
190 1066 303 1097 Verris.

113 1110 288 1148 Volumnia,
301 1109 340 1140 ad
355 1109 427 1139 Div.
451 1108 546 1148 XIV,
566 1110 616 1139 16.
638 1109 742 1139 minus
757 1107 888 1138 officiosa
910 1111 954 1136 est

60 1152 93 1183 in
109 1152 298 1191 Terentiam,
315 1163 385 1183 cum
399 1152 505 1183 Cicero
521 1153 681 1182 exsularet.
702 1153 732 1182 N
737 1161 775 1181 on
786 1151 871 1180 facile
884 1150 954 1180 dix-

61 1196 149 1235 erim,
170 1202 275 1226 utrum
299 1196 442 1226 senatoris
466 1195 638 1234 Volunmii,
667 1204 799 1236 quocum
824 1203 956 1233 magnus

63 1249 137 1269 usus
154 1238 293 1270 Ciceroni
307 1239 377 1279 fuit,
393 1249 475 1270 soror
486 1245 540 1269 aut
552 1238 626 1276 filia,
643 1247 682 1268 an
698 1243 770 1268 nota
780 1236 833 1266 ina
847 1237 956 1266 liberta

62 1282 165 1314 fuerit.

114 1326 291 1364 Volumnia,
307 1325 389 1356 Phil.
412 1324 458 1363 II,
476 1328 527 1355 94.
539 1325 649 1355 liberta
668 1322 831 1354 Volumnii
841 1322 956 1352 Eutra-

64 1369 138 1410 peli,
154 1369 278 1399 mimico
293 1368 416 1398 nornine
433 1368 583 1409 Cytheris.
606 1368 647 1399 V.
669 1368 818 1407 Cytheris.

109 1413 151 1444 L.
172 1413 366 1448 Tolumnius,
378 1411 417 1441 ad
429 1412 504 1442 Div.
518 1410 597 1449 VII,
609 1413 661 1440 32.
677 1416 805 1447 senator,
821 1418 955 1449 quocum

66 1464 198 1496 magnus
213 1465 286 1485 usus
303 1454 442 1486 Ciceroni
451 1454 519 1485 fuit.
544 1455 594 1484 De
608 1453 794 1494 praenomine
810 1457 925 1482 constat
940 1461 957 1481 e

69 1498 219 1535 Varrone,
230 1498 271 1528 R.
285 1498 326 1528 R.
340 1499 389 1535 Η,
403 1499 433 1527 4.
451 1500 497 1528 12.
510 1498 607 1527 Estne
619 1495 860 1527 hicVolumnius
869 1494 958 1524 Flac-

68 1551 132 1578 cus,
146 1541 200 1581 qui
215 1551 285 1571 cum
303 1541 455 1571 mandatis
470 1540 508 1570 ad
524 1546 662 1570 senatum
678 1550 695 1569 a
710 1539 809 1569 Bruto
826 1537 958 1567 Mutinae

69 1585 190 1615 obsesso
204 1584 347 1621 mittitur,
360 1584 453 1613 Bruti
463 1585 592 1624 legatus,
609 1583 647 1613 ad
659 1582 731 1612 Div.
744 1580 807 1619 XI,
828 1585 875 1611 12.
897 1581 933 1610 18
943 1580 957 1608 P

115 1628 154 1658 P.
176 1628 368 1664 Volumnius,
390 1627 511 1657 Cluent.
528 1626 579 1661 70.
597 1632 724 1660 senator,
742 1624 797 1665 qui
810 1624 889 1654 inter
907 1624 959 1663 ju-

67 1669 149 1701 dices
163 1669 196 1700 in
213 1669 396 1700 Cluentian&
411 1670 502 1699 causa
516 1668 585 1700 suit.

118 1715 157 1743 P.
176 1713 359 1743 Volumnius
376 1713 574 1752 Eutrapelus,
598 1711 680 1742 Phil.
696 1710 799 1748 XIII,
814 1713 843 1740 2.
861 1710 960 1739 Anto-

74 1755 255 1800 nii-amicus.
278 1756 329 1786 Ad
342 1755 415 1787 Div.
432 1756 514 1795 vil,
529 1759 581 1786 32.
598 1758 652 1793 33,
674 1754 808 1795 epistolae
828 1752 867 1784 ad
889 1762 960 1782 eum
