1137 1848
280 86 430 118 INDEX
453 86 738 118 HISTORICUs.
895 84 958 120 387

70 171 122 202 De
137 171 192 202 hoc
207 171 341 210 homine,
354 172 460 211 Sardo,
476 172 628 209 libertino,
643 177 686 202 est
702 182 750 213 ap.
768 171 877 201 Horat.
891 170 955 201 Sat.

71 214 99 253 I⁷
116 218 146 245 2.
164 217 185 233 ‘⁶
197 214 351 245 Omnibus
363 215 420 245 hoc
431 214 540 245 vitium
552 216 629 252 est‚''
647 216 706 245 &c-

119 259 272 298 Tigranes,
288 258 398 288 Manil.
415 259 445 288 2.
460 268 514 288 rex
529 257 695 295 Armeniae,
717 267 809 298 gener
829 255 957 286 Mithri-

70 300 155 331 datis.
182 301 265 331 Sext.
281 302 331 336 27.
357 312 375 331 a
401 301 438 330 L.
464 301 595 330 Lucullo
616 300 755 330 vincitur.
780 300 837 330 Cn.
863 300 957 329 Pom-

70 344 155 384 peius
170 343 201 372 in
217 344 278 373 suis
293 344 395 374 castris
408 343 537 384 supplici
551 343 668 384 insigne
680 343 798 383 regium
813 341 955 378 restituit,

72 392 101 416 et
116 396 239 426 regnare
255 397 324 416 eum
339 388 435 426 jubet.

118 431 272 469 mgr-anes,
290 429 369 459 filius
388 429 557 470 superioris.
581 428 646 458 Ate.
672 427 736 465 III⁷
761 429 790 458 8.
819 428 858 457 Ρ.
886 426 958 457 Clo-

73 471 152 507 dius.
175 472 228 511 qui
249 482 318 502 eum
344 472 496 513 captivum
520 483 536 502 e
558 471 693 503 custodia
708 471 853 511 surripuit
869 476 898 499 et
913 469 960 498 di-

71 515 165 551 misit,
184 524 244 544 non
260 515 394 555 punitur.
420 514 456 545 In
472 515 639 545 custodiam
655 515 830 553 conjecerat,
851 518 879 542 et
896 512 960 541 Ro-

73 567 157 587 mam
173 557 366 597 perduxerat,
379 558 436 588 Cn.
451 557 619 599 Pompeius
630 569 639 587 τ
664 557 737 593 Dio,
749 555 899 586 XXXVI
904 576 913 591 ‚
926 565 956 593 p.

73 601 124 635 27.
148 599 199 630 De
213 600 270 631 hoc
284 600 415 632 facinore
426 599 537 639 Clodii,
548 612 577 631 v.
589 600 742 638 eumdem,
755 595 958 635 XXXVIII,

73 653 94 683 Ρ
119 686 155 715 L.
176 686 281 716 Tillius
300 686 427 724 Cimber,
450 686 531 716 Phil.
549 685 595 723 ΙΙ,
616 689 665 716 11.
683 685 721 716 de
736 683 960 726 percussoribus

75 728 212 765 Caesaris,
224 739 294 758 cum
307 735 376 758 ante
392 730 554 759 acerrimus
569 729 702 769 partium
718 728 961 758 Caesarianarum

75 777 283 812 propugnator
297 771 415 802 fuisset.
438 774 541 802 Senec.
557 772 594 802 de
611 772 672 809 Ιτέι,
690 771 754 808 III,
765 775 817 801 30.
833 770 871 800 ad
888 769 961 798 Div.

76 813 157 853 XII,
179 818 226 844 13.
243 815 367 844 classem
385 814 417 843 in
436 815 585 855 Bithynia
608 820 772 854 comparat,
788 813 880 854 paulo
894 816 963 852 post

75 863 205 887 mortem
221 857 357 888 Caesaris.
380 857 461 886 Eam
480 857 666 898 provinciam
686 868 704 886 a
724 858 841 887 Caesare
863 854 963 885 adhuc

76 899 145 929 vivo
161 906 336 940 acceperat;
360 900 391 929 in
408 910 546 941 eamque,
562 900 718 930 interfecto
735 900 865 935 Caesare,
883 897 962 927 clam

77 942 160 972 abiit.
185 943 289 983 Vulgo
304 943 514 983 appellabatur
528 943 602 973 olim
629 944 765 977 Tullius,-
789 940 871 981 quod
886 950 964 980 prae-

77 984 135 1014 fert
150 985 348 1026 Oudendorp.
365 985 403 1015 ad
420 985 528 1015 Caesar.
543 986 581 1015 B.
591 986 626 1016 C.
644 984 708 1021 111,
721 988 773 1015 42.
797 983 846 1013 De
858 993 892 1013 eo
903 982 963 1012 vid.

78 1035 187 1067 praeter
202 1029 327 1058 Manut.
344 1034 373 1058 et
389 1028 489 1058 Graev.
505 1029 543 1058 ad
555 1029 576 1058 1.
592 1039 618 1059 c.
635 1029 732 1059 Periz.
747 1027 857 1058 Anim.
880 1025 963 1055 Hist.

81 1081 112 1110 p.
129 1072 203 1100 431.
221 1082 281 1112 seq.

126 1115 267 1151 szaeus,
294 1113 350 1144 Or.
380 1113 428 1149 II,
463 1115 510 1144 14.
544 1113 787 1149 Tauromenstes,
818 1116 963 1151 regnante

80 1156 248 1196 Agathocle
264 1157 350 1194 vixit,
373 1157 592 1187 eruditissimus
605 1163 633 1187 et
643 1155 906 1197 eloquentissimus
918 1153 966 1183 hi-

80 1199 214 1229 storicus.
247 1200 289 1229 N.
311 1200 352 1229 D.
381 1198 427 1236 ΙΙ,
453 1201 503 1231 -27,
528 1200 675 1230 rationem
698 1199 840 1229 concinne
856 1196 965 1231 reddit,

81 1252 173 1282 quare
185 1242 295 1272 Dianae
309 1242 451 1283 Ephesiae
461 1243 611 1283 templum
621 1241 837 1282 deflagraverit.
856 1239 966 1280 (Quod

83 1284 221 1315 Ciceroni
236 1285 286 1315 hic
304 1285 484 1315 concinnum
500 1286 629 1323 videtur,
651 1285 682 1315 id
703 1284 862 1324 Longinus
882 1281 967 1322 frigi-

81 1327 157 1357 dum
169 1334 198 1357 et
213 1327 328 1368 puerile
340 1327 480 1366 judicat.)
496 1329 534 1358 ad
554 1328 626 1358 Div.
644 1329 686 1365 V,
712 1330 759 1356 152.
778 1324 887 1366 Pyrrhi
903 1325 967 1354 bel-

81 1370 148 1399 lum
169 1370 304 1410 scripsit:
330 1370 531 1400 Timoleontis
547 1381 592 1401 res
607 1377 702 1411 gestas
722 1368 867 1410 prodidit.
887 1368 967 1406 Ejus

82 1413 274 1443 acerbitatem
286 1413 317 1442 in
333 1413 405 1443 alios
420 1413 586 1452 historicos,
603 1420 632 1444 et
647 1423 770 1451 errores,
792 1416 876 1442 notat
890 1410 968 1440 Dio-

83 1455 173 1485 dorus
189 1456 247 1486 Sic.
264 1455 363 1493 XIII,
376 1466 406 1496 p.
422 1458 494 1486 211.

132 1500 268 1536 Τιἰηιιτιιε,
299 1499 368 1528 Fin.
398 1498 440 1537 V,
467 1501 517 1531 29.
546 1498 714 1537 Locrensis,
744 1498 965 1539 Pythagoreus,

85 1541 207 1571 Platoni
223 1541 356 1582 aequalis.

133 1585 316 1623 Timagoras,
333 1584 429 1614 Acad.
441 1584 501 1623 IV,
518 1588 569 1616 25.
591 1584 770 1625 Epicureus,
791 1587 892 1623 negat,
909 1582 967 1612 sibi

84 1637 223 1667 unquam
238 1627 314 1657 duas
330 1627 501 1658 flammulas
521 1638 583 1658 esse
598 1638 635 1658 ex
651 1626 773 1657 lucerna
792 1625 880 1663 visas,
897 1635 968 1654 cum

87 1670 211 1700 oculum
226 1670 365 1700 torsisset.

135 1713 305 1749 Tz'mantes‚
336 1713 425 1743 Brut.
459 1715 506 1744 18.
533 1713 636 1754 pictor.
660 1711 822 1753 Cythnum,
849 1717 970 1741 auctore

89 1755 292 1794 Quintiliano,
309 1754 356 1793 11,
374 1757 421 1786 13.
446 1756 604 1797 Sicyonius
628 1762 743 1792 autem,
765 1760 885 1785 auctore
901 1753 970 1784 Eu-
