1122 1868
163 61 220 90 134
379 60 528 92 INDEX
553 59 836 93 HISTORICUS.

205 148 241 176 T.
260 145 385 178 Annius
409 146 530 178 Velina.
559 147 648 178 Brut.
665 147 718 186 48,
737 146 768 178 in
784 146 976 179 concionibus
999 152 1045 178 to-

155 189 286 220 lerabilis
301 196 409 220 orator.

198 233 344 270 Antoeus,
361 233 430 263 Att.
449 232 549 269 XIII,
566 234 617 264 44.

196 276 340 314 Anteros,
363 277 400 306 de
427 277 501 307 Nat.
523 277 566 307 D.
590 276 658 313 ΙΙΙ,
687 278 740 312 23,
766 275 846 307 filius
862 275 990 307 Veneris
1005 286 1043 306 ex

155 318 268 349 Marte.

199 362 342 401 Anteros,
365 363 433 392 Att.
451 361 514 399 IX,
533 363 583 401 14,
602 362 664 401 XI,
686 366 713 401 l,
737 372 841 393 servus
857 363 904 393 vel
918 362 1044 393 libertus

157 405 264 435 Attici.

198 449 370 485 Antherus,
388 448 426 479 ad
441 447 514 478 Div.
531 447 628 485 XVI,
644 450 697 485 21,
711 459 821 479 servus.

203 492 429 531 Anthropinus,
446 490 478 520 in
492 491 579 522 Verr.
597 491 658 527 VI,
675 493 729 527 34,
745 491 981 532 Apolloniensis.

200 535 354 571 Anticlea,
379 535 471 564 Tusc.
491 534 533 571 V,
554 535 604 573 16,
631 536 690 565 fuit
713 540 810 565 mater
826 535 953 575 Ulyssis.
986 533 1046 565 Sed

156 578 286 608 hocloco
303 577 408 608 Cicero
424 577 564 607 ancillam
580 578 735 608 nominare
747 578 853 614 voluit,
866 588 934 618 quae
944 577 1046 618 Eury-

158 622 221 651 clea
235 620 401 657 dicebatur,
418 627 538 650 auctore
555 620 701 651 Homero.
735 620 805 651 Nisi
827 631 896 651 vero
911 620 1047 651 librario-

157 674 226 694 rum
244 674 324 693 error
341 669 395 699 est,
413 669 447 693 ut
462 663 559 703 placet
574 664 719 694 Buherio.

202 707 419 744 Antigenidas,
446 706 500 736 Br.
526 708 579 743 50,
608 707 729 743 tibicen,
746 706 799 747 qui
825 706 972 748 discipulo
997 706 1050 737 fri-

158 750 241 789 genti
257 750 295 779 ad
307 750 458 789 populum
474 749 569 779 dixit:
596 751 618 766 ‘4
631 750 715 779 Mihi
730 759 803 780 cane
817 755 846 780 et
862 750 996 780 Musis-'⁹

202 793 395 831 sinagonus,
422 792 524 822 Deiot.
543 794 593 830 15,
610 793 726 833 legatus
742 792 880 831 Deiotari
895 793 934 824 ad
949 793 1049 823 Caesa-

158 845 233 865 rem.

202 879 389 917 Antigonus,
412 877 450 908 ad.
470 877 544 909 Div.
561 878 659 917 XIII,
678 879 731 916 32,
748 879 873 910 libertus
895 878 953 910 Cn.
971 878 1048 909 Ota-

167 922 227 952 cilii
244 922 384 951 Nasonis.

205 965 387 1004 Antigonus,
411 965 475 996 Off.
508 964 555 1002 II,
584 965 634 1001 14,
657 964 847 996 Macedoniae
871 975 935 995 rex.
970 965 1050 1004 Ejus

162 1008 288 1048 epistola
313 1007 351 1037 ad
379 1008 560 1049 Philippum
585 1008 695 1038 filium.
731 1009 788 1039 Est
810 1008 987 1048 Antigonus
1015 1007 1049 1038 II

162 1052 259 1088 Soter,
277 1050 340 1091 qui,
358 1057 478 1081 mortuo
494 1051 652 1081 Demetrio
664 1050 710 1087 II,
727 1057 808 1081 tutor
822 1051 986 1092 impuberis
995 1050 1051 1081 filii

162 1094 232 1130 fuit,
249 1092 339 1123 ducta
357 1100 462 1131 matre,
480 1100 509 1124 et
524 1094 692 1124 diademate
704 1099 815 1133 sumto,
829 1094 871 1124 ita
885 1100 1000 1131 tamen,
1016 1099 1051 1123 ut

163 1136 302 1176 privigno
318 1146 446 1176 regnum
463 1145 695 1167 conservaretur.

206 1179 425 1215 Antimachus,
439 1180 592 1217 Brut.51,
609 1180 706 1219 po'eta.
725 1180 839 1210 Poema
849 1190 939 1210 suum
956 1179 1052 1220 (quod

160 1221 315 1253 Ciceronis
345 1228 431 1252 aetate
457 1222 585 1261 exstitit)
613 1222 775 1253 Thebaida
805 1233 875 1253 cum
902 1223 1050 1259 recitaret,

164 1275 269 1295 omnes
284 1271 392 1305 praeter
408 1265 568 1296 Platonem
585 1275 656 1296 eum
678 1266 873 1307 reliquerunt.
906 1265 1052 1296 Obscuri-

165 1313 209 1337 tas
235 1307 328 1346 hujus
350 1308 482 1338 hominis
507 1319 594 1349 paene
618 1308 651 1338 in
682 1308 876 1349 proverbium
900 1308 985 1339 abiit.
1009 1307 1050 1337 V.

164 1350 309 1380 Vossium
322 1350 361 1380 ad
377 1351 489 1381 catull.
506 1362 537 1392 p.
550 1352 623 1381 323.

207 1393 380 1423 Antiochus
396 1394 548 1433 Magnus,
575 1394 612 1424 de
633 1393 688 1424 Or.
717 1394 764 1432 II,
793 1397 842 1431 18,
868 1393 963 1435 Syriae
986 1403 1052 1430 rex,

165 1435 374 1466 Hannibalem
386 1438 499 1478 recipit.
526 1437 613 1467 Verr.
628 1436 675 1475 II,
690 1440 742 1475 21,
754 1448 772 1467 a
784 1437 821 1467 L.
833 1437 972 1478 Scipione
987 1437 1054 1467 vin-

163 1478 249 1509 citur.
274 1479 357 1509 Sext.
369 1481 422 1517 27,
435 1480 514 1511 intra
523 1481 665 1510 Taurum
676 1490 800 1520 regnare
809 1481 948 1519 jubetur:
963 1479 1051 1518 Asia,

164 1520 225 1561 qua
246 1521 296 1551 isse
312 1523 472 1560 multatur,
492 1523 600 1553 Attalo
624 1523 761 1553 donatur.
783 1522 886 1553 Deiot.
904 1523 953 1560 13,
970 1522 1053 1553 abla-

166 1569 229 1594 tam
243 1574 260 1593 a
277 1564 426 1595 Romanis
441 1566 526 1596 Asiae
541 1571 658 1606 partem
674 1576 760 1606 aequo
776 1566 877 1595 animo
892 1565 958 1595 fert.

209 1607 379 1637 Antiochus
404 1609 595 1649 Epiphanes,
622 1608 668 1638 .M.
693 1610 732 1640 F.
755 1608 835 1639 Phil.
863 1608 965 1647 VIII,
986 1608 1018 1646 7,
1034 1617 1053 1637 a

166 1649 300 1690 Popillio
313 1651 438 1689 jubetur
453 1652 611 1683 abscedere
622 1651 816 1682 Alexandn'a.

208 1692 391 1731 Antiochus,
417 1694 498 1725 Phil.
523 1694 586 1733 lX,
602 1698 635 1732 2,
651 1693 797 1726 Antiochi
811 1693 924 1735 Magni
938 1703 1050 1734 nepos:
