1137 1848
338 68 487 99 INDEX
512 67 797 100 HISTORICUS.
948 68 1010 103 207

167 153 327 194 Cusinius,
343 154 382 186 ad
397 154 464 185 Att.
480 153 559 193 XII,
576 155 628 185 33.
640 157 692 185 41.
712 153 865 186 Corradus
878 153 1010 194 corrigit,

129 196 282 228 Cosinz'us.

164 240 200 269 P.
223 240 366 280 Cuspius,
383 240 422 270 ad
438 240 513 270 Div.
530 239 632 278 XIII.
650 241 681 270 6.
709 250 801 281 eques
825 241 919 271 Rom.
944 250 1012 270 ma-

120 282 213 323 gister
223 284 370 314 societatis
384 284 417 314 in
432 284 549 314 Africa.
566 284 598 313 it.
615 284 711 320 XVI,
734 287 781 315 17.

164 327 204 357 L.
225 326 398 365 Custidius,
415 327 454 357 ad
471 327 545 357 Div.
560 326 662 364 XIII,
680 328 731 361 57.
748 326 893 367 Arpinas.

165 369 276 409 Cydas,
295 370 456 409 Cretensis,
483 370 564 400 Phil.
589 370 631 405 V.
658 372 687 399 5.
711 369 804 400 homo
829 369 943 407 audax,
960 368 1009 398 M.

122 411 254 442 Antonii
268 413 435 443 familiaris.
460 413 541 443 Phil.
556 412 654 449 VIII,
672 415 703 444 9.

165 455 332 495 Cylonz'um
347 457 458 494 scelus,
475 456 513 486 de
523 456 599 497 Leg.
618 455 664 493 ΙΙ,
680 458 726 485 11.
745 461 801 492 est,
818 455 900 496 quod
912 455 1011 485 Athe-

119 498 237 529 nienses
253 499 480 537 commiserunt,
503 498 630 539 Cylonis
653 499 738 529 sociis
761 498 951 539 supplicibus
966 498 1014 527 in-

119 541 249 572 terfectis
272 542 311 572 ad
326 552 430 572 aram:
455 541 493 572 de
508 553 569 583 quo
586 542 646 573 vid.
663 541 805 581 Thucyd.
822 541 876 571 lib.
895 540 923 578 Ι,
941 546 1012 571 sect.

123 586 193 615 126.
210 585 278 615 add.
296 585 405 626 Scalig.
419 585 458 615 ad
473 585 587 616 Euseb.
605 585 723 623 Graeca,
740 595 771 625 p.
783 585 855 620 427.
880 584 1009 614 Suidas:

120 631 272 657 Κυλωυειον
290 640 365 665 αγος.

165 670 285 710 Cynici,
311 671 375 701 Off.
392 670 420 709 Ι,
437 671 488 701 35.
505 670 731 712 reprehendunt
741 680 800 708 eos,
815 669 868 711 qui
882 680 927 707 ea,
944 679 1013 710 quae

120 722 154 742 re
176 714 278 754 turpia
294 723 356 743 non
381 719 463 751 sunt,
488 714 665 744 nominibus
690 724 724 743 ac
743 713 841 743 verbis
865 713 1014 754 flagitiosa.

121 755 247 785 ducunt.
271 755 344 786 ibid.
362 760 413 787 41.
430 767 535 787 eorum
551 757 628 786 ratio
644 762 687 786 est
702 756 873 795 rejicienda.

165 801 322 838 Cypselus,
350 800 442 830 Tusc.
469 799 510 836 V,
528 801 579 834 37.
605 799 746 830 Corinthi
771 804 930 838 tyrannus,
948 797 1014 828 De-

119 842 229 871 marati
245 842 409 882 Tarquinii
424 843 518 883 patris
534 842 731 883 temporibus.
756 841 838 871 Add.
856 842 924 871 Fat.
941 842 971 875 7.

164 885 341 924 Cyrenaici,
359 885 451 915 Tusc.
469 884 535 921 ΙΙΙ,
557 888 605 915 12.
622 895 728 914 eorum
743 884 781 914 de
796 884 912 924 origine
927 883 1012 913 dolo-

118 927 159 957 ris
185 928 331 958 sententia
354 928 511 958 refellitur.
535 927 634 958 Acad.
652 927 713 964 IV,
730 928 760 962 7.
788 927 820 956 in
845 927 908 957 solo
933 932 1016 956 tactu

119 970 230 1000 doloris
246 977 275 1001 et
293 971 456 1011 voluptatis
477 971 630 1010 judicium
647 970 709 1000 veri
730 979 792 999 esse
807 969 923 999 dicunt.
939 969 1015 999 ibid.

120 1014 172 1042 46.
189 1013 266 1043 nihil
282 1020 391 1054 putant
413 1024 476 1044 esse
496 1014 604 1053 judicii
624 1020 733 1054 praeter
747 1012 952 1053 permotiones
972 1012 1020 1041 in-

122 1056 222 1086 timas.
238 1056 307 1086 add.
325 1060 378 1087 24.

169 1101 320 1140 CyrsHus,
343 1099 406 1130 Off.
430 1098 496 1136 ΙΙΙ,
525 1102 572 1130 11.
600 1097 741 1135 suadens,
765 1102 801 1127 ut
815 1096 1020 1127 Athenienses

120 1141 153 1172 in
171 1144 246 1172 urbe
260 1148 430 1181 manerent,
451 1148 481 1173 et
506 1142 645 1173 Xerxem
670 1141 849 1182 reciperent,
865 1140 1020 1181 lapidibus

119 1185 267 1215 obruitur.

165 1230 265 1267 Cyrus
294 1229 404 1268 major,
442 1228 480 1258 de
503 1228 579 1258 Div.
612 1227 640 1265 Ι,
663 1231 716 1258 28.
748 1228 813 1266 ejus
843 1226 1017 1257 somnium:

121 1271 270 1311 quamdiu
292 1271 426 1311 regusar-it
441 1278 471 1301 et
486 1271 603 1301 vixerit.
629 1271 670 1308 Q.
688 1271 740 1300 Fr.
764 1270 792 1307 Ι,
814 1274 840 1300 l.
858 1270 888 1298 8.
912 1269 1021 1299 Xeno-

120 1314 204 1354 phon
219 1314 257 1343 de
281 1324 316 1344 eo
337 1324 398 1344 non
414 1314 453 1344 ad
468 1314 560 1344 fidem
576 1314 708 1345 historIae
723 1313 851 1354 scripsit.
867 1311 909 1342 V.
926 1311 1018 1342 etiam
1045 1332 1047 1334 -

122 1357 214 1386 Brut.
232 1358 282 1387 29.
307 1357 384 1397 Leg.
402 1356 450 1393 ΙΙ,
469 1360 522 1393 22,
540 1358 598 1387 ἃς.

168 1400 267 1439 syrus
284 1399 396 1438 minor,
411 1400 485 1430 Div.
509 1400 537 1436 Ι,
556 1403 608 1430 25.
627 1410 698 1430 cum
716 1410 751 1430 eo
765 1397 878 1429 militia
892 1397 1019 1438 perfun-

121 1442 203 1482 gitur
215 1442 398 1482 Xenophon.
422 1443 496 1473 ibid.
512 1446 564 1473 23.
577 1444 642 1482 ejus
658 1443 822 1473 somnium.

164 1485 274 1525 Cyrus,
293 1486 359 1515 Att.
378 1485 424 1522 ΙΙ,
442 1487 472 1515 3.
489 1486 680 1516 architectus.
704 1485 778 1515 Mil.
797 1487 847 1517 17.
868 1483 1012 1514 moritur.

118 1528 173 1558 Ab
189 1539 223 1558 eo
238 1528 382 1558 dicuntur
399 1530 507 1568 Cyrea.
532 1529 598 1559 Att.
615 1528 675 1564 IV.
698 1532 746 1558 lo.

163 1570 318 1610 Cytheris,
336 1571 402 1601 Att.
426 1575 472 1601 10.
490 1571 627 1612 Philipp.
645 1570 692 1608 ΙΙ,
711 1574 764 1601 22.
787 1580 856 1600 eam
871 1569 1010 1599 Antoni-

120 1624 156 1643 us
171 1614 276 1644 lectica
291 1614 396 1654 aperta
421 1624 522 1645 secum
538 1620 648 1655 portat.
664 1613 704 1645 ad
728 1613 803 1644 Div.
819 1613 884 1652 IX,
902 1615 954 1642 26.
972 1612 1015 1643 V.

121 1656 154 1686 in
173 1657 344 1688 Volumnia.
