1122 1868
147 44 211 76 314
362 47 510 79 INDEX
535 47 821 80 HISTORICUS.

148 141 260 162 nomen
276 132 406 165 hominis
422 135 534 166 Caesari
550 135 581 165 in
604 134 707 165 Gallia
721 131 937 171 commendati,
961 132 1033 162 item

149 174 191 211 Q.
218 175 312 206 fratri.
335 177 395 207 Sed
410 178 602 215 Tunstallus,
619 189 650 218 p.
669 178 739 208 115.
765 175 928 217 legendum
947 181 1035 216 putat

155 219 298 255 Curtius,
315 226 349 249 ut
364 227 393 250 et
408 220 569 251 Corradus.

197 261 304 299 Orion,
321 262 357 292 de
373 263 415 293 N.
432 263 473 293 D.
494 263 540 301 ΙΙ,
558 265 609 293 44.
626 263 718 293 sidus.

197 304 351 344 Orithyia,
369 306 443 346 Leg.
462 306 489 343 l,
508 310 532 335 1.
550 308 588 336 ab
601 305 756 347 Aquilone
771 305 899 336 sublata.
920 303 1035 335 Erech-

151 346 226 384 thei,
244 348 436 378 Atheniensis
450 350 539 389 regis,
556 349 629 379 filia.

197 391 321 427 Orodes,
346 391 385 421 ad
408 391 480 421 Div.
506 392 583 430 XV,
610 394 638 421 l.
658 391 727 422 Att.
749 391 792 429 V,
818 393 866 420 18.
887 401 940 421 rex
960 390 1036 420 Par-

152 433 285 464 thorum.
302 433 340 463 V.
354 435 497 464 Arsaces.

198 477 322 513 0roetes,
346 477 415 506 Fin.
432 478 474 513 V,
496 478 547 507 30.
568 483 678 518 praetor
697 476 797 514 Darii,
824 477 879 517 qui
894 476 1038 516 Polycra-

152 524 214 549 tem
230 519 424 550 interfecerat.
451 521 492 550 V.
510 520 655 550 Herodot.
668 520 735 557 ΙΙΙ,
751 522 821 550 128.
837 519 957 549 malein
969 518 1038 549 edd.

153 562 337 603 quibusdam
351 563 490 593 scribitur
508 564 647 593 Orontes.

199 606 348 644 Orpheus,
374 605 417 635 N.
434 607 478 635 D.
495 606 525 641 I,
547 607 599 635 38.
615 615 686 636 eum
701 610 791 645 negat
811 605 904 635 fuisse
918 604 1040 635 Aristo-

153 648 235 678 teles.
274 646 405 678 Carmen
433 648 603 689 Orphicum
632 659 651 678 a
680 648 883 689 Pythagoreis
913 647 1039 688 Cercopi

154 691 275 721 cuidam
291 691 443 721 tribuitur.

199 734 351 772 Orphea-9,
375 733 413 763 ad
429 734 501 764 Div.
518 734 613 772 XIV,
634 737 664 764 4.
680 744 782 764 servus
798 733 961 765 Ciceronis.

201 777 346 815 Orphica,
360 776 397 807 de
413 777 454 807 N.
466 778 508 807 D.
522 776 586 815 III,
601 779 651 808 23.
668 787 751 807 sacra
766 777 889 808 Bacchi.

201 820 322 855 Osaces,
346 820 411 849 Att.
434 820 477 857 V,
495 824 546 851 20.
567 821 630 850 dux
648 820 832 851 Parthorum
849 818 971 860 (Pacori
986 828 1041 850 no-

155 862 250 900 mine,
262 862 399 892 nondum
415 863 531 904 ephebi.
556 874 584 894 v.
600 864 694 894 Dion.
711 862 794 893 Cass.
812 863 886 900 XL,
902 873 932 903 p.
951 861 1040 901 133.)

156 905 269 945 magna
278 906 473 936 auctoritate:
491 907 602 937 vulnus
618 905 725 946 accipit
740 917 758 936 a
773 906 876 936 Cassio
889 917 899 941 ς
919 905 1044 945 fugatur

156 948 195 977 ab
210 949 393 979 Antiochia:
411 959 472 989 quo
487 950 611 980 vulnere
625 949 716 990 paulo
728 955 796 989 post
809 948 906 990 periit.

204 992 263 1021 Cn.
282 992 431 1022 Otacilius
448 993 542 1022 Naso.
560 993 633 1023 Vid.
651 993 750 1023 Naso.

200 1034 242 1063 L.
261 1035 348 1073 Otlzo,
366 1046 382 1065 e
398 1035 525 1073 Rosciis,
542 1035 628 1065 Mur.
648 1035 695 1065 19.
712 1035 762 1064 lex
778 1034 843 1073 ejus
858 1038 944 1074 grata¹
958 1033 1044 1074 equi-

157 1075 249 1107 tibus.
270 1078 338 1108 Att⁴
356 1076 438 1115 XII,
458 1079 510 1114 37.
533 1085 563 1109 et
583 1079 634 1108 38.
653 1076 753 1116 XIII,
774 1078 826 1107 31.
842 1076 867 1106 si
881 1082 983 1107 tamen
999 1082 1044 1107 est

158 1118 249 1150 idem.
267 1121 309 1151 V.
326 1121 394 1151 Leoe
412 1122 536 1151 Roscia.

203 1164 291 1200 Ουία,
309 1163 375 1194 Att.
391 1164 474 1201 XII,
490 1165 542 1194 21.
559 1169 588 1194 et
603 1163 655 1194 24.
676 1162 712 1194 C.
729 1162 823 1193 Lollii
836 1172 925 1193 uxor.

205 1207 309 1249 Ουίιιξ,
331 1210 401 1237 Att.
416 1206 514 1245 XVI,
533 1207 560 1237 l.

582 1293 620 1323 P.

210 1382 246 1412 T.
264 1379 431 1417 Pacuvius,
454 1377 526 1409 Mil.
543 1379 594 1413 27.
611 1389 701 1420 eques
716 1378 887 1409 Romanus.

203 1425 252 1454 M.
270 1424 421 1459 Paccius,
437 1422 506 1452 Att.
524 1422 586 1459 IV,
605 1423 654 1453 16.
669 1422 778 1462 hospes
791 1421 900 1452 Attici.

206 1467 243 1497 L.
259 1468 377 1497 Junius
394 1466 570 1501 Paciaecus,
587 1464 626 1496 ad
642 1465 714 1495 Div.
731 1463 792 1502 VI,
811 1467 859 1495 18.
876 1463 1047 1504 Hispanus,

162 1510 282 1541 civitate
310 1509 450 1547 donatus,
478 1507 678 1539 Caesarianus.
700 1507 772 1538 vid.
799 1507 882 1537 Hirta
907 1506 944 1537 de
967 1506 1049 1537 Bell.

165 1551 347 1592 Hispanico,
367 1552 416 1581 16.

210 1595 418 1630 Pacidianus,
442 1593 480 1624 de
495 1593 615 1634 optim.
626 1593 704 1624 Gen.
721 1592 809 1624 Orat.
830 1594 860 1624 6.
876 1592 969 1623 Tusc.
985 1590 1048 1631 IV,

166 1643 217 1670 21.
233 1637 381 1678 gladiator
396 1636 477 1677 apud
495 1637 661 1667 Lucilium.

210 1682 257 1712 Μ’.
276 1680 427 1715 Pacilius,
452 1679 540 1709 Verr.
559 1679 626 1717 III,
642 1680 693 1709 38.
710 1684 738 1709 et
754 1680 804 1710 40.

212 1724 381 1755 Paciliana
399 1724 515 1753 domus.
531 1722 600 1753 Att.
616 1721 645 1760 Ι,
665 1722 716 1753 14.
