1122 1868
115 74 178 104 234
331 72 480 104 INDEX
504 71 791 105 HISTORICUS.

117 163 271 201 terpretes,
287 165 395 200 praeter
409 169 507 189 unum
524 158 724 196 Menardum,
740 159 794 201 qui
809 159 846 190 de
862 159 899 190 L.
916 159 1004 190 Flac-

116 213 162 240 co,
184 212 239 243 pro
260 212 320 243 quo
341 208 384 232 est
404 201 510 238 orati0‚
527 202 673 242 accepisse
693 202 834 237 videtum
863 202 945 243 quod
960 208 1005 233 est

113 245 293 282 absurdum,
307 244 429 286 quando
441 244 599 275 Divinatio
609 245 640 274 in
656 244 814 276 Caecilium
829 246 919 285 longe
934 252 1004 275 ante

118 288 228 328 scripta
254 294 308 325 est,
333 298 427 328 quam
451 288 500 317 hic
526 288 653 317 Flaccus
680 288 711 317 in
736 288 839 318 Gallia
858 288 925 318 fuit.
953 287 1003 318 M.

116 331 248 361 Scaurus
263 336 307 362 est
326 336 421 371 pater,
439 330 503 371 qui,
520 331 562 360 A.
581 331 620 361 U.
638 331 713 368 630,
736 331 830 361 aedjlis
854 330 914 360 fuit
936 335 1005 370 post

117 380 314 414 quaesturam,
331 381 361 403 et
377 373 414 402 L.
427 373 538 411 Flacci,
552 379 605 403 aut
621 383 657 403 ex
672 372 804 414 praeturfi
818 379 871 404 aut
886 383 924 404 ex
933 382 1004 403 con-

118 416 230 453 sulatu,
247 422 377 456 quaestor
392 415 461 446 fuit.

160 459 201 488 L.
218 460 366 497 Flaccus,
394 470 410 489 e
438 459 578 490 Valeriis.
602 459 692 489 Brut.
720 462 772 489 62.
796 459 902 490 consul
932 469 1003 489 cum

116 501 152 532 C.
179 502 282 532 Mario
309 502 337 532 V
342 502 357 532 Ι
385 512 443 532 cos,
475 502 578 531 Plane.
595 505 646 532 36.
680 503 880 532 Saturninum
902 502 1004 542 oppri-

115 544 172 574 mit
187 555 257 574 cum
273 545 388 584 collegii
405 545 518 581 Mario,
529 545 571 574 A.
585 545 626 575 U.
638 545 712 581 653,
724 551 831 584 quarto
846 554 926 574 anno
938 550 1005 584 post

116 597 220 617 censor
235 597 304 617 cum
321 587 370 616 M.
382 587 518 617 Antonio
534 593 657 617 oratore.
674 597 702 617 v.
720 587 824 617 Valer.
841 587 888 617 M.
909 585 955 624 ΙΙ,
972 589 1003 618 9.

115 631 146 659 5.
171 630 236 660 Att.
248 628 313 666 III,
331 630 360 664 7.
378 630 408 659 in
424 630 504 660 bello
518 630 662 663 Mariano
678 639 762 660 arma
777 640 881 670 capere
896 629 1003 660 noluit.

116 672 217 702 Flacc.
235 675 284 703 25.
301 672 327 702 ei
343 672 458 703 consuli
483 678 546 702 tota
561 673 638 702 Asia
664 677 764 712 portas
785 672 909 709 claudit,
932 682 1004 702 cum

115 714 332 745 Mithridatem
362 715 527 755 reciperent
540 725 549 750 ;
584 725 695 755 nempe
725 725 794 745 cum
825 714 967 745 suffectus
986 725 1005 745 a

116 757 220 788 Cinna
236 757 339 787 Mario
354 764 474 787 mortuo
486 758 525 787 A.
541 757 581 788 U.
595 758 669 794 667,
686 763 716 787 et
730 757 761 787 in
772 757 879 787 Asiam
893 757 1004 788 missus

116 806 202 837 esset,
229 800 283 830 ubi
303 800 403 840 periit,
420 806 540 830 auctore
554 800 711 841 Appiano,
729 800 766 830 de
781 801 819 830 B.
837 800 873 830 C.
891 799 918 837 I,
934 811 1004 841 pag.

114 843 188 872 664.
204 843 273 873 add.
291 842 320 871 V
322 843 370 873 ell.
387 842 433 880 II,
451 846 503 874 23.
522 846 573 873 24.
601 845 695 873 Hunc
710 853 728 873 a
744 843 881 873 Fimbria}
896 852 1003 873 oonsu-

112 885 183 920 lem,
200 895 261 915 non
277 886 477 924 consularem,
490 892 524 916 ut
537 886 673 916 Velleius
685 886 787 925 tradit,
799 885 1001 926 interfectum,

114 928 268 958 contendit
285 928 486 966 Contarenus,
504 928 577 958 Var.
596 929 679 959 Lect.
697 931 726 959 7.

157 972 198 1001 L.
209 973 357 1008 Flaccus,
376 982 392 1002 e
407 971 547 1002 Valeriis.
565 972 641 1012 Agr.
659 971 724 1008 III,
741 974 771 1001 2.
793 970 925 1002 interrex
942 971 1000 1012 (A.

114 1014 156 1044 U.
178 1013 269 1054 671.)
288 1015 388 1055 legem
403 1014 484 1051 tulit,
502 1022 537 1044 ut
557 1021 621 1045 rata
636 1020 744 1051 essent,
768 1024 837 1054 quae
861 1013 899 1043 L.
915 1014 1002 1045 Sulla

110 1056 238 1087 fecisset.
268 1057 310 1087 V.
342 1058 463 1087 Vale-ria
482 1058 562 1088 Lem.
584 1057 703 1088 Eadem
726 1056 890 1098 rogatione,
913 1057 1000 1096 jussu

112 1100 207 1130 Sullae
221 1099 312 1137 facte,
325 1101 416 1130 etiam
432 1099 558 1130 dictator
569 1106 734 1141 perpetuus
743 1100 840 1130 factus
849 1104 893 1129 est
904 1100 1001 1130 Sulla.

114 1142 155 1172 V.
172 1143 308 1183 Appian.
322 1143 360 1173 de
371 1144 410 1173 B.
429 1142 465 1173 C.
480 1143 508 1180 Ι,
524 1153 555 1183 p.
572 1144 644 1173 686.
660 1142 705 1173 ed.
722 1143 804 1173 Tou.

155 1186 195 1215 L.
208 1187 356 1222 Flaccus,
375 1186 413 1215 L.
427 1186 556 1216 censoris
570 1186 613 1215 fil.
630 1186 728 1216 Flacc.
746 1186 796 1215 26.
821 1184 925 1215 Plane.
944 1187 994 1216 11.

111 1227 152 1265 Q.
173 1228 294 1258 Metelli
311 1228 421 1259 Cretici
433 1229 562 1268 legatus,
575 1230 631 1259 &a
649 1228 715 1259 Cat.
730 1229 798 1267 III,
810 1231 839 1257 2.
856 1228 882 1257 F
883 1228 955 1259 lacc.
969 1231 997 1259 1.

111 1272 168 1300 διε.
192 1277 302 1311 praetor
317 1271 459 1302 Cicerone
481 1271 612 1308 consule,
630 1272 684 1312 qui
703 1272 768 1310 ejus
789 1270 880 1311 operit
894 1270 926 1300 in
944 1271 997 1301 de-

111 1313 332 1353 prehendendis
349 1314 551 1354 Allobrogum
576 1314 682 1354 legatis
708 1325 780 1344 usus
803 1320 856 1344 est.
883 1314 949 1344 Att.
966 1313 994 1353 I,

114 1356 162 1385 19.
179 1356 310 1386 mittitur
324 1356 363 1387 ad
379 1357 488 1387 Galliae
503 1357 647 1394 civitates,
663 1367 701 1387 ne
717 1368 747 1387 se
761 1367 831 1387 cum
847 1357 996 1388 Helvetiis

111 1399 306 1439 conjungant.
333 1399 486 1430 Caeterum
501 1399 538 1429 de
553 1410 588 1429 eo
602 1400 692 1439 plura
711 1400 790 1430 disce
805 1410 842 1430 ex
862 1399 996 1430 oratione

110 1440 262 1472 Ciceronis
286 1453 341 1482 pro
363 1453 408 1479 eo,
425 1453 443 1473 a
458 1442 499 1472 D.
516 1442 612 1472 haelio
627 1442 664 1472 de
679 1442 851 1483 repetundis
866 1452 903 1472 ex
917 1452 995 1483 prae-

110 1483 179 1513 turi).
194 1484 279 1514 Asiae
304 1491 460 1521 accusat03
485 1496 522 1516 ex
537 1485 599 1525 qua
613 1485 802 1525 intelligitur,
827 1495 898 1515 eum
923 1495 993 1516 cum

110 1525 147 1554 P.
178 1526 304 1556 Servilio
329 1528 397 1557 trib.
419 1528 483 1558 mil.
510 1528 543 1558 in
567 1527 686 1565 Cilicia,
707 1538 778 1558 cum
808 1528 856 1558 M.
884 1527 993 1558 Pisone

109 1574 290 1607 quaestorem
312 1569 344 1599 in
366 1570 529 1611 Hispania,
552 1570 655 1601 fuisse.
683 1571 724 1602 V.
757 1571 860 1601 Pison.
890 1580 915 1601 c.
939 1572 990 1601 23.

112 1611 170 1640 διο.

150 1654 203 1683 M.
220 1655 366 1693 Flaccus,
384 1655 439 1686 Or.
457 1655 504 1692 II,
518 1657 568 1688 70.
585 1656 727 1687 Nasicam
740 1656 899 1694 accusavit,
911 1657 992 1697 quod

107 1694 159 1725 Ti.
177 1696 349 1729 Gracchum
365 1698 548 1739 perculisset.
575 1698 670 1731 Dom.
686 1701 737 1731 38.
755 1699 835 1730 Add.
851 1700 898 1730 Μ.
910 1701 990 1732 Ful-

109 1739 178 1769 vius
195 1741 246 1769 Fl.
