1137 1848
236 50 387 84 INDEX
410 50 805 84 GRAECo-LATINUS.
902 54 967 85 419

77 141 115 174 iis
130 140 168 174 C.
178 144 208 171 et
216 138 256 171 L.
271 137 400 175 acutius,
412 148 506 178 quam
521 148 576 179 pro
590 139 724 179 personis
739 138 813 176 suis,
829 138 967 180 disputa-

79 187 163 217 bant.
186 184 296 223 Itaque
313 180 418 211 Cicero
433 181 512 210 hanc
535 183 666 221 συνταξιυ
686 181 872 219 immutavit,
892 188 932 220 et,
949 193 966 213 e

80 229 210 264 duobus,
227 230 357 266 quatuor
372 223 464 254 libros
479 222 560 260 fecit,
575 223 678 254 Catuli
691 231 719 255 et
730 224 854 255 Luculli
868 225 968 255 nomi-

79 271 169 302 nibus
198 267 345 301 sublatis;
380 276 490 307 eosque
516 265 647 297 Varroni
674 268 833 309 inscripsit.
867 268 905 298 In
930 269 966 299 iis

78 312 211 344 Varroni
226 309 371 341 Antiochi
386 315 484 350 partes
507 309 601 346 dedit,
621 311 677 340 sibi
692 312 800 341 sumsit
816 311 964 341 Philonis.

79 356 151 387 Hoc
174 362 218 387 est
241 353 323 395 quod
348 351 452 382 Cicero
467 352 558 382 dicit:
584 354 607 370 “
624 353 806 389 Ακαῖημικηυ
830 354 867 384 ad
886 354 967 385 Var-

76 410 181 431 ronem
196 395 448 430 transferamus,”
465 401 494 425 et
509 405 555 436 ep.
572 397 620 425 16.
645 398 667 413 c<
681 396 884 427 Academicen
903 410 968 427 συν-

77 444 159 482 ταξιν
175 442 214 473 ad
229 440 400 470 Varronem
420 443 516 468 votam
539 438 764 469 traduximus.'’
789 439 878 470 Conf.
904 440 965 470 Ar-

76 496 161 528 gum.
177 483 275 516 Acad.
292 482 409 520 Quaest.
428 480 455 511 1.

121 534 255 568 Ακαιρος,
269 526 512 564 intempestivae,
530 524 568 554 ad
583 524 652 554 Att.
670 524 732 563 IX,
746 526 776 554 4.

123 576 351 603 Ακαταληπτον,
376 569 455 607 quod
470 570 687 607 comprehendi
702 579 764 598 non
783 574 893 608 polest,
918 570 970 600 in-

79 612 355 654 comprehensibile,
378 610 476 640 Acad.
495 609 540 647 II,
558 612 587 641 6.

119 655 332 689 Ακαταληψια,
368 655 471 692 opinis)
497 656 772 691 Academicorum,
801 656 858 694 qui
886 657 969 685 nihil

78 698 293 740 comprehendi
301 706 388 736 posse
403 698 557 733 dicebant,
581 698 619 727 ad
635 697 702 728 Att.
719 697 820 735 XIII,
844 700 889 729 19.

116 739 337 775 Ακενοσπουδος,
356 741 523 771 abhorrens
536 751 554 770 a
568 729 669 771 stzfflio
682 752 786 773 rerum
798 743 958 780 inanium,

75 786 115 818 ad
130 786 203 817 Div.
219 784 296 820 XV,
314 784 361 812 17.

122 837 279 870 Ακεραιως,
294 826 422 863 sincere,
439 826 478 857 ad
493 827 560 856 Att.
579 826 656 863 XV,
674 830 725 858 21.

126 872 262 907 Ακηδεια,
288 875 470 907 contemtus,
487 872 569 909 quod
585 881 669 900 curat
685 876 713 900 et
729 872 831 901 studio
846 871 970 902 nemini

77 921 163 953 esset,
178 915 217 946 ad
231 913 300 943 Att.
318 911 379 949 IV,
400 913 448 942 18.

121 958 240 993 Ακηδια,
256 957 378 994 torpedo
395 966 466 985 cum
483 954 639 991 maestitia,
662 956 701 986 ad
716 957 784 987 Att.
802 956 884 994 XII,
902 957 954 988 45.

115 1001 260 1036 Anw‘o‘um,
271 1000 411 1038 periculo
428 1001 582 1036 carentia,
600 999 638 1029 ad
656 999 721 1030 Att„
735 1000 838 1035 XIII,
856 1003 904 1031 19.

115 1043 248 1074 Ακινδυνα
264 1055 325 1078 μεν,
342 1053 516 1082 χρονιωτεργ
533 1042 575 1077 δε,
600 1044 739 1081 periculi
763 1046 883 1083 quidem
905 1054 960 1074 ex-

70 1088 187 1128 pertia,
198 1086 250 1116 sed
262 1085 473 1122 diuturniora,
488 1084 520 1114 h.
533 1095 558 1115 e.
576 1085 645 1115 vitae
657 1086 781 1127 quidem
793 1086 965 1127 periculum

75 1132 187 1167 abesse,
212 1127 264 1159 sed
278 1127 499 1158 diuturniorem
521 1129 666 1159 morbum
690 1129 774 1166 fore3
799 1129 836 1160 de
851 1129 969 1160 Tirone

78 1178 253 1215 aegrotante.

135 1215 330 1253 Ακκιζομεθσ,
350 1214 584 1245 dissimulamus
601 1215 803 1255 cupiditatem
818 1221 970 1254 nostram,

77 1260 117 1290 ad
133 1259 198 1290 Att.
212 1256 258 1295 ΙΙ,
276 1260 324 1288 19.
341 1267 411 1287 cum
423 1257 518 1288 videri
534 1258 687 1297 volumus,
704 1268 765 1288 non
781 1269 890 1300 cupere
901 1269 969 1297 nos,

74 1309 104 1334 et
118 1308 221 1333 tamen
240 1300 434 1331 vehementer
449 1300 609 1341 cupimus:
634 1301 692 1331 hoc
716 1301 798 1332 enim
823 1308 867 1332 est
884 1314 967 1331 ακκι-

77 1348 189 1381 ζεσὲαι,
205 1343 288 1373 unde
313 1354 466 1381 ακκισμος,
487 1345 646 1374 accismus.
669 1344 824 1385 Exemplo
839 1355 901 1376 esse
915 1355 972 1385 po-

71 1393 130 1419 test
150 1387 295 1418 accismus
319 1385 437 1415 Tiberii
460 1386 604 1425 Neronis,
622 1386 704 1418 Veu.
724 1386 772 1425 11,
793 1388 845 1418 23.
869 1387 972 1418 Tacit.

73 1431 159 1462 Ann.
176 1429 205 1467 I,
222 1431 254 1467 3,
271 1434 301 1459 et
319 1431 368 1459 ll.

116 1480 315 1508 Ακωνωνητον,
336 1472 470 1502 alienum
491 1483 510 1502 a
529 1473 700 1514 familiari
723 1474 960 1512 consuetudine,

75 1517 114 1548 ad
129 1517 197 1547 Att.
209 1515 271 1553 VI,
289 1518 318 1544 3.

115 1564 327 1595 Λκοιιιωνητως,
340 1559 423 1588 mini
427 1569 471 1588 me
473 1559 703 1600 familiariter,
715 1560 754 1590 ad
764 1559 832 1590 Att.
846 1558 908 1595 VI,
927 1564 954 1590 1.

116 1607 338 1639 Ακολακευτως,
354 1602 432 1632 citra
448 1605 697 1642 assentationem,
713 1603 752 1634 ad
767 1603 836 1634 Att.
853 1602 956 1641 XIII,

116 1691 282 1723 Ακολασια,
297 1687 419 1718 licentia
436 1689 549 1726 nimia,
565 1689 602 1720 ad
621 1689 685 1721 Att.
702 1689 799 1727 XIV,
819 1693 868 1720 ll.
