<?xml version="1.0" encoding="UTF-8"?>
<!DOCTYPE html PUBLIC "-//W3C//DTD XHTML 1.0 Transitional//EN"
    "http://www.w3.org/TR/xhtml1/DTD/xhtml1-transitional.dtd">
<html xmlns="http://www.w3.org/1999/xhtml" xml:lang="en" lang="en">
 <head>
  <title>
</title>
<meta http-equiv="Content-Type" content="text/html;charset=utf-8" />
  <meta name='ocr-system' content='tesseract 3.04.00' />
  <meta name='ocr-capabilities' content='ocr_page ocr_carea ocr_par ocr_line ocrx_word'/>
</head>
<body>
  <div class='ocr_page' id='page_1' title='image "./operaern12ciceuoft_0277.png"; bbox 0 0 1137 1848; ppageno 0'>
   <div class='ocr_carea' id='block_1_1' title="bbox 325 55 992 89">
    <p class='ocr_par' dir='ltr' id='par_1_1' title="bbox 325 55 992 89">
     <span class='ocr_line' id='line_1_1' title="bbox 325 55 992 89; baseline 0.003 -2"><span class='ocrx_word' id='word_1_1' title='bbox 325 55 473 88; x_wconf 89' lang='lat' dir='ltr'>INDEX</span> <span class='ocrx_word' id='word_1_2' title='bbox 497 56 785 89; x_wconf 85' lang='lat' dir='ltr'>HISTORICUS.</span> <span class='ocrx_word' id='word_1_3' title='bbox 930 58 992 89; x_wconf 83' lang='grc'><strong>265</strong></span> 
     </span>
    </p>
   </div>
   <div class='ocr_carea' id='block_1_2' title="bbox 96 142 996 1723">
    <p class='ocr_par' dir='ltr' id='par_1_2' title="bbox 116 142 992 226">
     <span class='ocr_line' id='line_1_2' title="bbox 158 142 992 184; baseline 0.002 -12"><span class='ocrx_word' id='word_1_4' title='bbox 158 142 325 180; x_wconf 76' lang='lat' dir='ltr'><strong><em>Lartidius,</em></strong></span> <span class='ocrx_word' id='word_1_5' title='bbox 348 143 417 173; x_wconf 85' lang='lat' dir='ltr'><strong>Att.</strong></span> <span class='ocrx_word' id='word_1_6' title='bbox 442 142 524 180; x_wconf 88' lang='lat' dir='ltr'><strong>VII,</strong></span> <span class='ocrx_word' id='word_1_7' title='bbox 555 143 583 173; x_wconf 92' lang='grc'><strong>1.</strong></span> <span class='ocrx_word' id='word_1_8' title='bbox 603 153 726 181; x_wconf 90' lang='lat' dir='ltr'><strong>nomen,</strong></span> <span class='ocrx_word' id='word_1_9' title='bbox 751 153 812 184; x_wconf 92' lang='lat' dir='ltr'><strong>quo</strong></span> <span class='ocrx_word' id='word_1_10' title='bbox 835 142 930 174; x_wconf 86' lang='lat' dir='ltr'><strong>utitur</strong></span> <span class='ocrx_word' id='word_1_11' title='bbox 953 143 992 174; x_wconf 86' lang='lat' dir='ltr'><strong>ad</strong></span> 
     </span>
     <span class='ocr_line' id='line_1_3' title="bbox 116 183 574 226; baseline 0.004 -13"><span class='ocrx_word' id='word_1_12' title='bbox 116 183 268 214; x_wconf 82' lang='lat' dir='ltr'>Milonem</span> <span class='ocrx_word' id='word_1_13' title='bbox 282 185 574 226; x_wconf 86' lang='lat' dir='ltr'><strong>reprehendendum.</strong></span> 
     </span>
    </p>

    <p class='ocr_par' dir='ltr' id='par_1_3' title="bbox 110 227 993 686">
     <span class='ocr_line' id='line_1_4' title="bbox 154 227 992 266; baseline 0.002 -9"><span class='ocrx_word' id='word_1_14' title='bbox 154 229 202 257; x_wconf 91' lang='lat' dir='ltr'><strong>M.</strong></span> <span class='ocrx_word' id='word_1_15' title='bbox 219 227 398 266; x_wconf 71' lang='lat' dir='ltr'><em>Laterensis,</em></span> <span class='ocrx_word' id='word_1_16' title='bbox 418 239 434 258; x_wconf 91' lang='lat' dir='ltr'><strong>e</strong></span> <span class='ocrx_word' id='word_1_17' title='bbox 448 228 610 258; x_wconf 81' lang='lat' dir='ltr'><strong>Juventiis.</strong></span> <span class='ocrx_word' id='word_1_18' title='bbox 632 228 701 258; x_wconf 83' lang='lat' dir='ltr'><strong>Att.</strong></span> <span class='ocrx_word' id='word_1_19' title='bbox 726 228 771 265; x_wconf 94' lang='grc' dir='ltr'><strong>ΙΙ,</strong></span> <span class='ocrx_word' id='word_1_20' title='bbox 792 230 839 263; x_wconf 90' lang='grc'><strong>17.</strong></span> <span class='ocrx_word' id='word_1_21' title='bbox 856 229 992 259; x_wconf 88' lang='lat' dir='ltr'><strong>tribuna-</strong></span> 
     </span>
     <span class='ocr_line' id='line_1_5' title="bbox 110 271 991 311; baseline 0.002 -11"><span class='ocrx_word' id='word_1_22' title='bbox 110 276 177 300; x_wconf 85' lang='lat' dir='ltr'><strong>tum</strong></span> <span class='ocrx_word' id='word_1_23' title='bbox 192 279 251 300; x_wconf 90' lang='lat' dir='ltr'><strong>non</strong></span> <span class='ocrx_word' id='word_1_24' title='bbox 268 271 353 310; x_wconf 89' lang='lat' dir='ltr'><strong>petit,</strong></span> <span class='ocrx_word' id='word_1_25' title='bbox 369 281 407 301; x_wconf 89' lang='lat' dir='ltr'><strong>ne</strong></span> <span class='ocrx_word' id='word_1_26' title='bbox 420 272 502 310; x_wconf 88' lang='lat' dir='ltr'><strong>juret</strong></span> <span class='ocrx_word' id='word_1_27' title='bbox 516 271 547 301; x_wconf 94' lang='lat' dir='ltr'><strong>in</strong></span> <span class='ocrx_word' id='word_1_28' title='bbox 563 271 688 301; x_wconf 80' lang='lat' dir='ltr'><strong>Caesaris</strong></span> <span class='ocrx_word' id='word_1_29' title='bbox 705 272 801 311; x_wconf 79' lang='lat' dir='ltr'><strong>legem</strong></span> <span class='ocrx_word' id='word_1_30' title='bbox 817 272 991 311; x_wconf 73' lang='lat' dir='ltr'><strong>Agrai-iam.</strong></span> 
     </span>
     <span class='ocr_line' id='line_1_6' title="bbox 111 311 992 351; baseline 0.003 -9"><span class='ocrx_word' id='word_1_31' title='bbox 111 312 167 351; x_wconf 74' lang='lat' dir='ltr'><strong>(V.</strong></span> <span class='ocrx_word' id='word_1_32' title='bbox 182 311 243 342; x_wconf 76' lang='lat' dir='ltr'><strong>Lex</strong></span> <span class='ocrx_word' id='word_1_33' title='bbox 257 314 341 344; x_wconf 78' lang='lat' dir='ltr'><strong>Jutia</strong></span> <span class='ocrx_word' id='word_1_34' title='bbox 358 315 509 351; x_wconf 62' lang='lat' dir='ltr'><strong>Agraria.)</strong></span> <span class='ocrx_word' id='word_1_35' title='bbox 536 315 640 344; x_wconf 84' lang='lat' dir='ltr'><strong>Plane.</strong></span> <span class='ocrx_word' id='word_1_36' title='bbox 660 315 686 344; x_wconf 96' lang='grc'><strong>1.</strong></span> <span class='ocrx_word' id='word_1_37' title='bbox 703 314 853 344; x_wconf 80' lang='lat' dir='ltr'><strong>studiosus</strong></span> <span class='ocrx_word' id='word_1_38' title='bbox 871 313 992 345; x_wconf 89' lang='lat' dir='ltr'><strong>Cicero-</strong></span> 
     </span>
     <span class='ocr_line' id='line_1_7' title="bbox 110 355 991 396; baseline 0.002 -12"><span class='ocrx_word' id='word_1_39' title='bbox 110 355 166 385; x_wconf 88' lang='lat' dir='ltr'><strong>nis.</strong></span> <span class='ocrx_word' id='word_1_40' title='bbox 192 355 351 387; x_wconf 80' lang='lat' dir='ltr'>Plancium</span> <span class='ocrx_word' id='word_1_41' title='bbox 377 357 414 387; x_wconf 90' lang='lat' dir='ltr'><strong>de</strong></span> <span class='ocrx_word' id='word_1_42' title='bbox 436 357 553 387; x_wconf 84' lang='lat' dir='ltr'><strong>ambitu</strong></span> <span class='ocrx_word' id='word_1_43' title='bbox 573 363 702 389; x_wconf 79' lang='lat' dir='ltr'><strong>accusat.</strong></span> <span class='ocrx_word' id='word_1_44' title='bbox 722 357 802 394; x_wconf 80' lang='lat' dir='ltr'><strong>quod</strong></span> <span class='ocrx_word' id='word_1_45' title='bbox 820 357 883 396; x_wconf 85' lang='lat' dir='ltr'><strong>ipse</strong></span> <span class='ocrx_word' id='word_1_46' title='bbox 903 357 933 386; x_wconf 91' lang='lat' dir='ltr'><strong>in</strong></span> <span class='ocrx_word' id='word_1_47' title='bbox 955 358 991 388; x_wconf 60' lang='lat' dir='ltr'><strong>ea</strong></span> 
     </span>
     <span class='ocr_line' id='line_1_8' title="bbox 110 398 989 440; baseline 0.003 -13"><span class='ocrx_word' id='word_1_48' title='bbox 110 398 254 438; x_wconf 86' lang='lat' dir='ltr'><strong>petitione</strong></span> <span class='ocrx_word' id='word_1_49' title='bbox 269 400 420 440; x_wconf 85' lang='lat' dir='ltr'><strong>repulsam</strong></span> <span class='ocrx_word' id='word_1_50' title='bbox 436 400 554 430; x_wconf 82' lang='lat' dir='ltr'><strong>tulerat.</strong></span> <span class='ocrx_word' id='word_1_51' title='bbox 570 400 608 430; x_wconf 88' lang='lat' dir='ltr'><strong>ad</strong></span> <span class='ocrx_word' id='word_1_52' title='bbox 624 399 695 429; x_wconf 86' lang='lat' dir='ltr'><strong>Div.</strong></span> <span class='ocrx_word' id='word_1_53' title='bbox 709 399 809 435; x_wconf 90' lang='lat' dir='ltr'>VIII,</span> <span class='ocrx_word' id='word_1_54' title='bbox 821 401 849 428; x_wconf 85' lang='lat'><strong>8.</strong></span> <span class='ocrx_word' id='word_1_55' title='bbox 869 406 989 439; x_wconf 77' lang='lat' dir='ltr'><strong>praetor,</strong></span> 
     </span>
     <span class='ocr_line' id='line_1_9' title="bbox 111 440 992 482; baseline 0.002 -12"><span class='ocrx_word' id='word_1_56' title='bbox 111 440 261 471; x_wconf 86' lang='lat' dir='ltr'><strong>Marcello</strong></span> <span class='ocrx_word' id='word_1_57' title='bbox 277 448 306 472; x_wconf 90' lang='lat' dir='ltr'><strong>et</strong></span> <span class='ocrx_word' id='word_1_58' title='bbox 321 443 418 472; x_wconf 82' lang='lat' dir='ltr'><strong>Paulo</strong></span> <span class='ocrx_word' id='word_1_59' title='bbox 434 453 505 473; x_wconf 84' lang='lat' dir='ltr'><strong>coss.</strong></span> <span class='ocrx_word' id='word_1_60' title='bbox 521 442 783 482; x_wconf 77' lang='lat' dir='ltr'><strong>ignorantissimus</strong></span> <span class='ocrx_word' id='word_1_61' title='bbox 795 443 872 481; x_wconf 85' lang='lat' dir='ltr'><strong>juris</strong></span> <span class='ocrx_word' id='word_1_62' title='bbox 887 442 992 472; x_wconf 83' lang='lat' dir='ltr'><strong>civilis.</strong></span> 
     </span>
     <span class='ocr_line' id='line_1_10' title="bbox 110 483 989 526; baseline 0.001 -13"><span class='ocrx_word' id='word_1_63' title='bbox 110 486 179 513; x_wconf 87' lang='lat' dir='ltr'><strong>Att.</strong></span> <span class='ocrx_word' id='word_1_64' title='bbox 195 483 279 522; x_wconf 92' lang='lat' dir='ltr'><strong>XII,</strong></span> <span class='ocrx_word' id='word_1_65' title='bbox 307 485 355 520; x_wconf 91' lang='lat'><strong>17.</strong></span> <span class='ocrx_word' id='word_1_66' title='bbox 382 496 488 526; x_wconf 87' lang='lat' dir='ltr'><strong>augur.</strong></span> <span class='ocrx_word' id='word_1_67' title='bbox 509 486 547 516; x_wconf 88' lang='lat' dir='ltr'><strong>ad</strong></span> <span class='ocrx_word' id='word_1_68' title='bbox 570 485 640 515; x_wconf 85' lang='lat' dir='ltr'><strong>Div.</strong></span> <span class='ocrx_word' id='word_1_69' title='bbox 662 485 706 522; x_wconf 92' lang='lat' dir='ltr'><strong>X,</strong></span> <span class='ocrx_word' id='word_1_70' title='bbox 731 485 780 514; x_wconf 91' lang='grc'><strong>21.</strong></span> <span class='ocrx_word' id='word_1_71' title='bbox 804 485 920 524; x_wconf 87' lang='lat' dir='ltr'><strong>legatus</strong></span> <span class='ocrx_word' id='word_1_72' title='bbox 941 485 989 515; x_wconf 84' lang='lat' dir='ltr'><strong>M.</strong></span> 
     </span>
     <span class='ocr_line' id='line_1_11' title="bbox 110 525 992 569; baseline 0.002 -13"><span class='ocrx_word' id='word_1_73' title='bbox 110 525 243 566; x_wconf 80' lang='lat' dir='ltr'><strong>Lepidi;</strong></span> <span class='ocrx_word' id='word_1_74' title='bbox 267 527 320 568; x_wconf 90' lang='lat' dir='ltr'><strong>qui</strong></span> <span class='ocrx_word' id='word_1_75' title='bbox 344 538 374 558; x_wconf 87' lang='lat' dir='ltr'><strong>se</strong></span> <span class='ocrx_word' id='word_1_76' title='bbox 396 529 459 569; x_wconf 88' lang='lat' dir='ltr'><strong>ipse</strong></span> <span class='ocrx_word' id='word_1_77' title='bbox 473 528 631 563; x_wconf 76' lang='lat' dir='ltr'>interfecit,</span> <span class='ocrx_word' id='word_1_78' title='bbox 652 538 721 558; x_wconf 86' lang='lat' dir='ltr'><strong>cum</strong></span> <span class='ocrx_word' id='word_1_79' title='bbox 738 527 872 567; x_wconf 77' lang='lat' dir='ltr'><strong>Lepidus</strong></span> <span class='ocrx_word' id='word_1_80' title='bbox 891 528 992 558; x_wconf 84' lang='lat' dir='ltr'><strong>Anto-</strong></span> 
     </span>
     <span class='ocr_line' id='line_1_12' title="bbox 112 568 990 611; baseline 0.003 -13"><span class='ocrx_word' id='word_1_81' title='bbox 112 568 199 598; x_wconf 88' lang='lat' dir='ltr'><strong>nium</strong></span> <span class='ocrx_word' id='word_1_82' title='bbox 223 570 302 600; x_wconf 89' lang='lat' dir='ltr'><strong>clam</strong></span> <span class='ocrx_word' id='word_1_83' title='bbox 324 581 354 600; x_wconf 87' lang='lat' dir='ltr'><strong>se</strong></span> <span class='ocrx_word' id='word_1_84' title='bbox 372 571 403 600; x_wconf 89' lang='lat' dir='ltr'><strong>in</strong></span> <span class='ocrx_word' id='word_1_85' title='bbox 430 577 525 601; x_wconf 87' lang='lat' dir='ltr'><strong>castra</strong></span> <span class='ocrx_word' id='word_1_86' title='bbox 542 570 708 611; x_wconf 77' lang='lat' dir='ltr'><strong>recepisset.</strong></span> <span class='ocrx_word' id='word_1_87' title='bbox 729 570 767 600; x_wconf 89' lang='lat' dir='ltr'><strong>ad</strong></span> <span class='ocrx_word' id='word_1_88' title='bbox 788 570 859 599; x_wconf 88' lang='lat' dir='ltr'><strong>Div.</strong></span> <span class='ocrx_word' id='word_1_89' title='bbox 878 570 922 605; x_wconf 89' lang='lat' dir='ltr'><strong>X,</strong></span> <span class='ocrx_word' id='word_1_90' title='bbox 940 572 990 601; x_wconf 90' lang='grc'><strong>23.</strong></span> 
     </span>
     <span class='ocr_line' id='line_1_13' title="bbox 110 610 993 654; baseline 0.005 -14"><span class='ocrx_word' id='word_1_91' title='bbox 110 610 184 641; x_wconf 87' lang='lat' dir='ltr'><strong>fides</strong></span> <span class='ocrx_word' id='word_1_92' title='bbox 199 612 263 650; x_wconf 86' lang='lat' dir='ltr'><strong>ejus</strong></span> <span class='ocrx_word' id='word_1_93' title='bbox 287 621 316 643; x_wconf 92' lang='lat' dir='ltr'><strong>et</strong></span> <span class='ocrx_word' id='word_1_94' title='bbox 331 614 450 644; x_wconf 89' lang='lat' dir='ltr'><strong>animus</strong></span> <span class='ocrx_word' id='word_1_95' title='bbox 469 614 500 643; x_wconf 91' lang='lat' dir='ltr'><strong>in</strong></span> <span class='ocrx_word' id='word_1_96' title='bbox 516 624 611 654; x_wconf 81' lang='lat' dir='ltr'><strong>remp.</strong></span> <span class='ocrx_word' id='word_1_97' title='bbox 630 612 734 642; x_wconf 86' lang='lat' dir='ltr'><strong>Vatin.</strong></span> <span class='ocrx_word' id='word_1_98' title='bbox 759 617 806 643; x_wconf 88' lang='lat' dir='ltr'><strong>ll.</strong></span> <span class='ocrx_word' id='word_1_99' title='bbox 829 613 855 643; x_wconf 89' lang='lat' dir='ltr'><strong>ei</strong></span> <span class='ocrx_word' id='word_1_100' title='bbox 870 613 993 644; x_wconf 85' lang='lat' dir='ltr'>insidias</span> 
     </span>
     <span class='ocr_line' id='line_1_14' title="bbox 110 653 531 686; baseline 0.007 -3"><span class='ocrx_word' id='word_1_101' title='bbox 110 653 253 685; x_wconf 76' lang='lat' dir='ltr'>Vatinius</span> <span class='ocrx_word' id='word_1_102' title='bbox 268 656 356 686; x_wconf 83' lang='lat' dir='ltr'><strong>facit:</strong></span> <span class='ocrx_word' id='word_1_103' title='bbox 381 656 531 686; x_wconf 85' lang='lat' dir='ltr'><strong>laudatur.</strong></span> 
     </span>
    </p>

    <p class='ocr_par' dir='ltr' id='par_1_4' title="bbox 108 696 991 822">
     <span class='ocr_line' id='line_1_15' title="bbox 155 696 991 738; baseline 0.002 -12"><span class='ocrx_word' id='word_1_104' title='bbox 155 696 291 736; x_wconf 73' lang='lat' dir='ltr'><strong>Latinas,</strong></span> <span class='ocrx_word' id='word_1_105' title='bbox 314 699 352 729; x_wconf 87' lang='lat' dir='ltr'><strong>ad</strong></span> <span class='ocrx_word' id='word_1_106' title='bbox 381 699 454 729; x_wconf 85' lang='lat' dir='ltr'><strong>Div.</strong></span> <span class='ocrx_word' id='word_1_107' title='bbox 482 698 562 735; x_wconf 86' lang='lat' dir='ltr'><strong>XII,</strong></span> <span class='ocrx_word' id='word_1_108' title='bbox 588 698 639 728; x_wconf 83' lang='lat'><strong>30.</strong></span> <span class='ocrx_word' id='word_1_109' title='bbox 665 698 781 738; x_wconf 79' lang='lat' dir='ltr'><strong>legatus</strong></span> <span class='ocrx_word' id='word_1_110' title='bbox 804 697 840 729; x_wconf 92' lang='lat' dir='ltr'><strong>C.</strong></span> <span class='ocrx_word' id='word_1_111' title='bbox 867 697 991 728; x_wconf 81' lang='lat' dir='ltr'>Calvisii</span> 
     </span>
     <span class='ocr_line' id='line_1_16' title="bbox 109 739 989 782; baseline 0.005 -15"><span class='ocrx_word' id='word_1_112' title='bbox 109 739 142 768; x_wconf 89' lang='lat' dir='ltr'><strong>in</strong></span> <span class='ocrx_word' id='word_1_113' title='bbox 157 739 276 779; x_wconf 63' lang='lat' dir='ltr'><strong>Africa,</strong></span> <span class='ocrx_word' id='word_1_114' title='bbox 299 742 363 782; x_wconf 91' lang='lat' dir='ltr'><strong>qui,</strong></span> <span class='ocrx_word' id='word_1_115' title='bbox 381 752 449 772; x_wconf 86' lang='lat' dir='ltr'><strong>cnm</strong></span> <span class='ocrx_word' id='word_1_116' title='bbox 470 741 588 771; x_wconf 88' lang='lat' dir='ltr'><strong>duobus</strong></span> <span class='ocrx_word' id='word_1_117' title='bbox 608 741 684 778; x_wconf 78' lang='lat' dir='ltr'><strong>aliis,</strong></span> <span class='ocrx_word' id='word_1_118' title='bbox 705 742 827 771; x_wconf 85' lang='lat' dir='ltr'><strong>absente</strong></span> <span class='ocrx_word' id='word_1_119' title='bbox 847 741 989 778; x_wconf 84' lang='lat' dir='ltr'><strong>Calvisio,</strong></span> 
     </span>
     <span class='ocr_line' id='line_1_17' title="bbox 108 782 470 822; baseline 0.008 -11"><span class='ocrx_word' id='word_1_120' title='bbox 108 782 292 822; x_wconf 87' lang='lat' dir='ltr'><strong>provinciam</strong></span> <span class='ocrx_word' id='word_1_121' title='bbox 308 785 470 814; x_wconf 83' lang='lat' dir='ltr'><strong>obtinebat.</strong></span> 
     </span>
    </p>

    <p class='ocr_par' dir='ltr' id='par_1_5' title="bbox 152 824 518 865">
     <span class='ocr_line' id='line_1_18' title="bbox 152 824 518 865; baseline 0.011 -12"><span class='ocrx_word' id='word_1_122' title='bbox 152 824 253 863; x_wconf 76' lang='lat' dir='ltr'><strong>Leius,</strong></span> <span class='ocrx_word' id='word_1_123' title='bbox 269 827 306 857; x_wconf 85' lang='lat' dir='ltr'><strong>ad</strong></span> <span class='ocrx_word' id='word_1_124' title='bbox 324 827 388 857; x_wconf 87' lang='lat' dir='ltr'><strong>Att.</strong></span> <span class='ocrx_word' id='word_1_125' title='bbox 408 827 450 865; x_wconf 85' lang='lat' dir='ltr'><strong>V,</strong></span> <span class='ocrx_word' id='word_1_126' title='bbox 467 829 518 857; x_wconf 75' lang='lat'><strong>⁶20.</strong></span> 
     </span>
    </p>

    <p class='ocr_par' dir='ltr' id='par_1_6' title="bbox 110 868 992 1210">
     <span class='ocr_line' id='line_1_19' title="bbox 157 868 991 907; baseline 0.001 -9"><span class='ocrx_word' id='word_1_127' title='bbox 157 868 192 898; x_wconf 87' lang='lat' dir='ltr'><strong>C.</strong></span> <span class='ocrx_word' id='word_1_128' title='bbox 209 874 237 898; x_wconf 91' lang='lat' dir='ltr'><strong>et</strong></span> <span class='ocrx_word' id='word_1_129' title='bbox 254 870 301 899; x_wconf 84' lang='lat' dir='ltr'><strong>M.</strong></span> <span class='ocrx_word' id='word_1_130' title='bbox 318 869 414 906; x_wconf 81' lang='lat' dir='ltr'><strong>Lenii,</strong></span> <span class='ocrx_word' id='word_1_131' title='bbox 430 881 453 900; x_wconf 90' lang='lat' dir='ltr'><strong>s.</strong></span> <span class='ocrx_word' id='word_1_132' title='bbox 471 870 580 907; x_wconf 69' lang='lat' dir='ltr'><strong>chnii‚</strong></span> <span class='ocrx_word' id='word_1_133' title='bbox 593 880 665 901; x_wconf 88' lang='lat' dir='ltr'><strong>nam</strong></span> <span class='ocrx_word' id='word_1_134' title='bbox 674 870 765 900; x_wconf 84' lang='lat' dir='ltr'><strong>iidem</strong></span> <span class='ocrx_word' id='word_1_135' title='bbox 778 875 859 904; x_wconf 84' lang='lat' dir='ltr'><strong>sunt,</strong></span> <span class='ocrx_word' id='word_1_136' title='bbox 876 869 991 900; x_wconf 85' lang='lat' dir='ltr'><strong>fratres.</strong></span> 
     </span>
     <span class='ocr_line' id='line_1_20' title="bbox 111 909 991 949; baseline 0.003 -10"><span class='ocrx_word' id='word_1_137' title='bbox 111 909 150 940; x_wconf 83' lang='lat' dir='ltr'><strong>ad</strong></span> <span class='ocrx_word' id='word_1_138' title='bbox 165 910 239 940; x_wconf 91' lang='lat' dir='ltr'><strong>Div.</strong></span> <span class='ocrx_word' id='word_1_139' title='bbox 257 912 356 949; x_wconf 88' lang='lat' dir='ltr'>XIII,</span> <span class='ocrx_word' id='word_1_140' title='bbox 373 914 423 942; x_wconf 78' lang='lat'><strong>63.</strong></span> <span class='ocrx_word' id='word_1_141' title='bbox 446 913 552 943; x_wconf 86' lang='lat' dir='ltr'><strong>Plane.</strong></span> <span class='ocrx_word' id='word_1_142' title='bbox 570 914 620 943; x_wconf 77' lang='lat'><strong>41.</strong></span> <span class='ocrx_word' id='word_1_143' title='bbox 645 914 728 943; x_wconf 80' lang='lat' dir='ltr'><strong>Sext.</strong></span> <span class='ocrx_word' id='word_1_144' title='bbox 742 913 792 942; x_wconf 87' lang='lat'><strong>63.</strong></span> <span class='ocrx_word' id='word_1_145' title='bbox 817 912 991 942; x_wconf 89' lang='lat' dir='ltr'><strong>Ciceronem</strong></span> 
     </span>
     <span class='ocr_line' id='line_1_21' title="bbox 110 953 992 995; baseline 0.003 -14"><span class='ocrx_word' id='word_1_146' title='bbox 110 953 273 993; x_wconf 77' lang='lat' dir='ltr'><strong>expulsum</strong></span> <span class='ocrx_word' id='word_1_147' title='bbox 298 956 453 986; x_wconf 84' lang='lat' dir='ltr'><strong>Brundisii</strong></span> <span class='ocrx_word' id='word_1_148' title='bbox 475 956 507 986; x_wconf 88' lang='lat' dir='ltr'><strong>in</strong></span> <span class='ocrx_word' id='word_1_149' title='bbox 530 956 631 986; x_wconf 86' lang='lat' dir='ltr'><strong>hortos</strong></span> <span class='ocrx_word' id='word_1_150' title='bbox 651 966 719 985; x_wconf 88' lang='lat' dir='ltr'><strong>suos</strong></span> <span class='ocrx_word' id='word_1_151' title='bbox 741 954 898 995; x_wconf 83' lang='lat' dir='ltr'><strong>recipiunt,</strong></span> <span class='ocrx_word' id='word_1_152' title='bbox 921 965 992 986; x_wconf 90' lang='lat' dir='ltr'><strong>con-</strong></span> 
     </span>
     <span class='ocr_line' id='line_1_22' title="bbox 111 995 990 1036; baseline 0.003 -12"><span class='ocrx_word' id='word_1_153' title='bbox 111 995 213 1025; x_wconf 85' lang='lat' dir='ltr'><strong>temtis</strong></span> <span class='ocrx_word' id='word_1_154' title='bbox 229 997 328 1028; x_wconf 88' lang='lat' dir='ltr'><strong>Clodii</strong></span> <span class='ocrx_word' id='word_1_155' title='bbox 342 999 442 1028; x_wconf 86' lang='lat' dir='ltr'><strong>minis.</strong></span> <span class='ocrx_word' id='word_1_156' title='bbox 459 999 497 1028; x_wconf 86' lang='lat' dir='ltr'><strong>ad</strong></span> <span class='ocrx_word' id='word_1_157' title='bbox 513 999 578 1028; x_wconf 91' lang='lat' dir='ltr'><strong>Att.</strong></span> <span class='ocrx_word' id='word_1_158' title='bbox 591 999 634 1036; x_wconf 83' lang='lat' dir='ltr'><strong>V,</strong></span> <span class='ocrx_word' id='word_1_159' title='bbox 651 1000 701 1028; x_wconf 89' lang='grc'><strong>20.</strong></span> <span class='ocrx_word' id='word_1_160' title='bbox 713 999 762 1027; x_wconf 78' lang='grc'><strong>21.</strong></span> <span class='ocrx_word' id='word_1_161' title='bbox 791 998 851 1028; x_wconf 83' lang='lat' dir='ltr'><strong>Hic</strong></span> <span class='ocrx_word' id='word_1_162' title='bbox 874 1004 917 1027; x_wconf 88' lang='lat' dir='ltr'><strong>est</strong></span> <span class='ocrx_word' id='word_1_163' title='bbox 941 998 990 1028; x_wconf 84' lang='lat' dir='ltr'><strong>M.</strong></span> 
     </span>
     <span class='ocr_line' id='line_1_23' title="bbox 111 1037 991 1082; baseline 0.003 -15"><span class='ocrx_word' id='word_1_164' title='bbox 111 1037 238 1079; x_wconf 77' lang='lat' dir='ltr'><strong>Lenius,</strong></span> <span class='ocrx_word' id='word_1_165' title='bbox 255 1041 308 1082; x_wconf 91' lang='lat' dir='ltr'><strong>qui</strong></span> <span class='ocrx_word' id='word_1_166' title='bbox 327 1041 443 1081; x_wconf 86' lang='lat' dir='ltr'><strong>primus</strong></span> <span class='ocrx_word' id='word_1_167' title='bbox 460 1043 675 1080; x_wconf 63' lang='grc' dir='ltr'><strong>οωιὲτοτροῑειον</strong></span> <span class='ocrx_word' id='word_1_168' title='bbox 698 1040 811 1070; x_wconf 87' lang='lat' dir='ltr'><strong>invenit</strong></span> <span class='ocrx_word' id='word_1_169' title='bbox 826 1040 991 1070; x_wconf 86' lang='lat' dir='ltr'><strong>Brundisii.</strong></span> 
     </span>
     <span class='ocr_line' id='line_1_24' title="bbox 111 1080 992 1120; baseline 0.002 -10"><span class='ocrx_word' id='word_1_170' title='bbox 111 1080 152 1110; x_wconf 93' lang='lat' dir='ltr'><strong>V.</strong></span> <span class='ocrx_word' id='word_1_171' title='bbox 168 1080 296 1114; x_wconf 85' lang='lat' dir='ltr'><strong>Varron.</strong></span> <span class='ocrx_word' id='word_1_172' title='bbox 319 1085 359 1114; x_wconf 88' lang='lat' dir='ltr'><strong>R.</strong></span> <span class='ocrx_word' id='word_1_173' title='bbox 384 1085 424 1114; x_wconf 90' lang='lat' dir='ltr'><strong>R.</strong></span> <span class='ocrx_word' id='word_1_174' title='bbox 444 1083 508 1120; x_wconf 91' lang='lat' dir='ltr'><strong>III,</strong></span> <span class='ocrx_word' id='word_1_175' title='bbox 533 1086 562 1113; x_wconf 88' lang='grc'><strong>5.</strong></span> <span class='ocrx_word' id='word_1_176' title='bbox 579 1084 609 1113; x_wconf 88' lang='grc'><strong>8.</strong></span> <span class='ocrx_word' id='word_1_177' title='bbox 632 1083 685 1113; x_wconf 89' lang='lat' dir='ltr'><strong>ubi</strong></span> <span class='ocrx_word' id='word_1_178' title='bbox 708 1083 787 1112; x_wconf 83' lang='lat' dir='ltr'><strong>male</strong></span> <span class='ocrx_word' id='word_1_179' title='bbox 810 1083 951 1119; x_wconf 76' lang='lat' dir='ltr'><strong>Ursinus,</strong></span> <span class='ocrx_word' id='word_1_180' title='bbox 976 1094 992 1113; x_wconf 88' lang='lat' dir='ltr'><strong>e</strong></span> 
     </span>
     <span class='ocr_line' id='line_1_25' title="bbox 111 1123 992 1167; baseline 0.005 -15"><span class='ocrx_word' id='word_1_181' title='bbox 111 1123 223 1163; x_wconf 81' lang='lat' dir='ltr'><strong>Plinio,</strong></span> <span class='ocrx_word' id='word_1_182' title='bbox 240 1126 284 1164; x_wconf 89' lang='lat' dir='ltr'><strong>X,</strong></span> <span class='ocrx_word' id='word_1_183' title='bbox 308 1129 358 1157; x_wconf 86' lang='lat'><strong>50.</strong></span> <span class='ocrx_word' id='word_1_184' title='bbox 382 1127 489 1167; x_wconf 76' lang='lat' dir='ltr'><strong>corrigi</strong></span> <span class='ocrx_word' id='word_1_185' title='bbox 504 1127 569 1156; x_wconf 88' lang='lat' dir='ltr'><strong>vult</strong></span> <span class='ocrx_word' id='word_1_186' title='bbox 590 1125 713 1164; x_wconf 75' lang='lat' dir='ltr'><strong>Loelius,</strong></span> <span class='ocrx_word' id='word_1_187' title='bbox 734 1135 804 1156; x_wconf 84' lang='lat' dir='ltr'><strong>cum</strong></span> <span class='ocrx_word' id='word_1_188' title='bbox 826 1126 867 1155; x_wconf 87' lang='lat' dir='ltr'><strong>ibi</strong></span> <span class='ocrx_word' id='word_1_189' title='bbox 891 1126 992 1166; x_wconf 88' lang='lat' dir='ltr'><strong>potius</strong></span> 
     </span>
     <span class='ocr_line' id='line_1_26' title="bbox 110 1166 523 1210; baseline 0.007 -13"><span class='ocrx_word' id='word_1_190' title='bbox 110 1166 237 1198; x_wconf 83' lang='lat' dir='ltr'><strong>Loem&#39;us</strong></span> <span class='ocrx_word' id='word_1_191' title='bbox 251 1170 289 1200; x_wconf 89' lang='lat' dir='ltr'><strong>sit</strong></span> <span class='ocrx_word' id='word_1_192' title='bbox 302 1170 523 1210; x_wconf 82' lang='lat' dir='ltr'><strong>reponendum.</strong></span> 
     </span>
    </p>

    <p class='ocr_par' dir='ltr' id='par_1_7' title="bbox 109 1210 993 1367">
     <span class='ocr_line' id='line_1_27' title="bbox 133 1210 992 1257; baseline 0.002 -18"><span class='ocrx_word' id='word_1_193' title='bbox 133 1251 140 1257; x_wconf 46' lang='lat'><strong>·</strong></span> <span class='ocrx_word' id='word_1_194' title='bbox 152 1210 321 1252; x_wconf 80' lang='lat' dir='ltr'><strong>Lentidius,</strong></span> <span class='ocrx_word' id='word_1_195' title='bbox 337 1213 429 1243; x_wconf 86' lang='lat' dir='ltr'><strong>Dom.</strong></span> <span class='ocrx_word' id='word_1_196' title='bbox 446 1213 498 1243; x_wconf 86' lang='lat'><strong>33.</strong></span> <span class='ocrx_word' id='word_1_197' title='bbox 519 1213 602 1243; x_wconf 81' lang='lat' dir='ltr'><strong>Sext.</strong></span> <span class='ocrx_word' id='word_1_198' title='bbox 617 1212 669 1247; x_wconf 76' lang='lat'><strong>37.</strong></span> <span class='ocrx_word' id='word_1_199' title='bbox 690 1211 825 1252; x_wconf 85' lang='lat' dir='ltr'><strong>plebeius</strong></span> <span class='ocrx_word' id='word_1_200' title='bbox 841 1221 856 1241; x_wconf 91' lang='lat' dir='ltr'><strong>e</strong></span> <span class='ocrx_word' id='word_1_201' title='bbox 871 1211 992 1242; x_wconf 87' lang='lat' dir='ltr'><strong>Clodia-</strong></span> 
     </span>
     <span class='ocr_line' id='line_1_28' title="bbox 109 1261 277 1293; baseline 0.018 -11"><span class='ocrx_word' id='word_1_202' title='bbox 109 1261 156 1282; x_wconf 87' lang='lat' dir='ltr'><strong>ms</strong></span> <span class='ocrx_word' id='word_1_203' title='bbox 171 1263 277 1293; x_wconf 84' lang='lat' dir='ltr'><strong>opens.</strong></span> 
     </span>
     <span class='ocr_line' id='line_1_29' title="bbox 112 1296 993 1367; baseline 0 -41"><span class='ocrx_word' id='word_1_204' title='bbox 112 1336 143 1367; x_wconf 81' lang='lat' dir='ltr'>V</span> <span class='ocrx_word' id='word_1_205' title='bbox 158 1296 264 1336; x_wconf 71' lang='lat' dir='ltr'><strong>Lento,</strong></span> <span class='ocrx_word' id='word_1_206' title='bbox 296 1299 462 1336; x_wconf 75' lang='lat' dir='ltr'><strong>C&#39;aesem&#39;us,</strong></span> <span class='ocrx_word' id='word_1_207' title='bbox 501 1297 582 1328; x_wconf 88' lang='lat' dir='ltr'><strong>Phil.</strong></span> <span class='ocrx_word' id='word_1_208' title='bbox 618 1296 699 1334; x_wconf 86' lang='lat' dir='ltr'><strong>XII,</strong></span> <span class='ocrx_word' id='word_1_209' title='bbox 733 1299 762 1327; x_wconf 76' lang='lat'><strong>9.</strong></span> <span class='ocrx_word' id='word_1_210' title='bbox 801 1296 993 1327; x_wconf 85' lang='lat' dir='ltr'><strong>Antonianus</strong></span> 
     </span>
    </p>

    <p class='ocr_par' dir='ltr' id='par_1_8' title="bbox 146 1338 237 1370">
     <span class='ocr_line' id='line_1_30' title="bbox 146 1338 237 1370; baseline 0.022 -2"><span class='ocrx_word' id='word_1_211' title='bbox 146 1338 237 1370; x_wconf 83' lang='lat' dir='ltr'><strong>IIvir.</strong></span> 
     </span>
    </p>

    <p class='ocr_par' dir='ltr' id='par_1_9' title="bbox 96 1382 996 1723">
     <span class='ocr_line' id='line_1_31' title="bbox 96 1382 993 1420; baseline 0.001 -8"><span class='ocrx_word' id='word_1_212' title='bbox 96 1397 98 1399; x_wconf 56' lang='lat'>&gt;</span> <span class='ocrx_word' id='word_1_213' title='bbox 158 1382 211 1413; x_wconf 79' lang='lat' dir='ltr'><strong>Cn.</strong></span> <span class='ocrx_word' id='word_1_214' title='bbox 229 1385 377 1414; x_wconf 68' lang='lat' dir='ltr'><strong>Cornelius</strong></span> <span class='ocrx_word' id='word_1_215' title='bbox 389 1383 544 1420; x_wconf 74' lang='lat' dir='ltr'><strong>Lentulus,</strong></span> <span class='ocrx_word' id='word_1_216' title='bbox 556 1383 732 1419; x_wconf 85' lang='lat' dir='ltr'><strong>Clodianus,</strong></span> <span class='ocrx_word' id='word_1_217' title='bbox 752 1382 840 1413; x_wconf 88' lang='lat' dir='ltr'><strong>Verr.</strong></span> <span class='ocrx_word' id='word_1_218' title='bbox 857 1382 924 1419; x_wconf 91' lang='lat' dir='ltr'><strong>III,</strong></span> <span class='ocrx_word' id='word_1_219' title='bbox 941 1383 993 1413; x_wconf 88' lang='grc'><strong>39.</strong></span> 
     </span>
     <span class='ocr_line' id='line_1_32' title="bbox 111 1425 991 1461; baseline -0.002 -4"><span class='ocrx_word' id='word_1_220' title='bbox 111 1427 216 1457; x_wconf 85' lang='lat' dir='ltr'><strong>consul</strong></span> <span class='ocrx_word' id='word_1_221' title='bbox 230 1437 300 1457; x_wconf 91' lang='lat' dir='ltr'><strong>cum</strong></span> <span class='ocrx_word' id='word_1_222' title='bbox 317 1427 357 1457; x_wconf 88' lang='lat' dir='ltr'><strong>L.</strong></span> <span class='ocrx_word' id='word_1_223' title='bbox 374 1427 474 1457; x_wconf 88' lang='lat' dir='ltr'><strong>Gellio</strong></span> <span class='ocrx_word' id='word_1_224' title='bbox 488 1428 530 1455; x_wconf 90' lang='lat' dir='ltr'><strong>A.</strong></span> <span class='ocrx_word' id='word_1_225' title='bbox 547 1427 618 1456; x_wconf 87' lang='lat'><strong>681.</strong></span> <span class='ocrx_word' id='word_1_226' title='bbox 642 1426 729 1456; x_wconf 87' lang='lat' dir='ltr'><strong>Verr.</strong></span> <span class='ocrx_word' id='word_1_227' title='bbox 744 1425 806 1459; x_wconf 87' lang='lat' dir='ltr'><strong>VI,</strong></span> <span class='ocrx_word' id='word_1_228' title='bbox 823 1427 852 1461; x_wconf 87' lang='lat'><strong>7.</strong></span> <span class='ocrx_word' id='word_1_229' title='bbox 869 1426 991 1456; x_wconf 83' lang='lat' dir='ltr'><strong>Cluent.</strong></span> 
     </span>
     <span class='ocr_line' id='line_1_33' title="bbox 108 1467 992 1500; baseline -0.001 -1"><span class='ocrx_word' id='word_1_230' title='bbox 108 1472 160 1499; x_wconf 84' lang='lat'><strong>42.</strong></span> <span class='ocrx_word' id='word_1_231' title='bbox 185 1479 288 1499; x_wconf 86' lang='lat' dir='ltr'><strong>censor</strong></span> <span class='ocrx_word' id='word_1_232' title='bbox 303 1480 372 1500; x_wconf 86' lang='lat' dir='ltr'><strong>cum</strong></span> <span class='ocrx_word' id='word_1_233' title='bbox 390 1469 427 1499; x_wconf 88' lang='lat' dir='ltr'><strong>L.</strong></span> <span class='ocrx_word' id='word_1_234' title='bbox 445 1469 554 1500; x_wconf 79' lang='lat' dir='ltr'><strong>Gellio.</strong></span> <span class='ocrx_word' id='word_1_235' title='bbox 576 1469 675 1499; x_wconf 84' lang='lat' dir='ltr'><strong>Flacc.</strong></span> <span class='ocrx_word' id='word_1_236' title='bbox 708 1472 753 1499; x_wconf 88' lang='grc'><strong>19.</strong></span> <span class='ocrx_word' id='word_1_237' title='bbox 779 1467 992 1498; x_wconf 87' lang='lat' dir='ltr'><strong>Temnitarum</strong></span> 
     </span>
     <span class='ocr_line' id='line_1_34' title="bbox 109 1511 994 1552; baseline -0.001 -10"><span class='ocrx_word' id='word_1_238' title='bbox 109 1517 264 1552; x_wconf 80' lang='lat' dir='ltr'><strong>patronus.</strong></span> <span class='ocrx_word' id='word_1_239' title='bbox 287 1512 380 1542; x_wconf 90' lang='lat' dir='ltr'><strong>Dom.</strong></span> <span class='ocrx_word' id='word_1_240' title='bbox 395 1513 445 1547; x_wconf 81' lang='grc'><strong>47.</strong></span> <span class='ocrx_word' id='word_1_241' title='bbox 467 1514 547 1542; x_wconf 86' lang='lat' dir='ltr'><strong>bona</strong></span> <span class='ocrx_word' id='word_1_242' title='bbox 563 1512 627 1550; x_wconf 86' lang='lat' dir='ltr'><strong>ejus</strong></span> <span class='ocrx_word' id='word_1_243' title='bbox 642 1522 660 1541; x_wconf 90' lang='lat' dir='ltr'><strong>a</strong></span> <span class='ocrx_word' id='word_1_244' title='bbox 676 1511 712 1541; x_wconf 88' lang='lat' dir='ltr'><strong>C.</strong></span> <span class='ocrx_word' id='word_1_245' title='bbox 734 1511 838 1541; x_wconf 85' lang='lat' dir='ltr'><strong>Atinio</strong></span> <span class='ocrx_word' id='word_1_246' title='bbox 851 1511 994 1541; x_wconf 88' lang='lat' dir='ltr'><strong>Labeone</strong></span> 
     </span>
     <span class='ocr_line' id='line_1_35' title="bbox 111 1553 994 1595; baseline -0.001 -11"><span class='ocrx_word' id='word_1_247' title='bbox 111 1554 184 1585; x_wconf 86' lang='lat' dir='ltr'><strong>trib.</strong></span> <span class='ocrx_word' id='word_1_248' title='bbox 210 1554 252 1595; x_wconf 87' lang='lat' dir='ltr'><strong>pl.</strong></span> <span class='ocrx_word' id='word_1_249' title='bbox 279 1561 495 1585; x_wconf 83' lang='lat' dir='ltr'><strong>consecrantur.</strong></span> <span class='ocrx_word' id='word_1_250' title='bbox 518 1555 573 1585; x_wconf 91' lang='lat' dir='ltr'><strong>Br.</strong></span> <span class='ocrx_word' id='word_1_251' title='bbox 597 1555 647 1584; x_wconf 77' lang='lat'><strong>64.</strong></span> <span class='ocrx_word' id='word_1_252' title='bbox 680 1554 731 1584; x_wconf 83' lang='lat'><strong>66.</strong></span> <span class='ocrx_word' id='word_1_253' title='bbox 759 1553 857 1594; x_wconf 88' lang='lat' dir='ltr'><strong>qualis</strong></span> <span class='ocrx_word' id='word_1_254' title='bbox 886 1559 994 1583; x_wconf 84' lang='lat' dir='ltr'><strong>orator.</strong></span> 
     </span>
     <span class='ocr_line' id='line_1_36' title="bbox 111 1595 994 1638; baseline -0.001 -10"><span class='ocrx_word' id='word_1_255' title='bbox 111 1597 190 1636; x_wconf 88' lang='lat' dir='ltr'><strong>Ejus</strong></span> <span class='ocrx_word' id='word_1_256' title='bbox 215 1607 325 1628; x_wconf 90' lang='lat' dir='ltr'><strong>nomen</strong></span> <span class='ocrx_word' id='word_1_257' title='bbox 349 1604 392 1628; x_wconf 87' lang='lat' dir='ltr'><strong>est</strong></span> <span class='ocrx_word' id='word_1_258' title='bbox 407 1598 497 1628; x_wconf 87' lang='lat' dir='ltr'><strong>etiam</strong></span> <span class='ocrx_word' id='word_1_259' title='bbox 520 1607 564 1638; x_wconf 90' lang='lat' dir='ltr'><strong>pr.</strong></span> <span class='ocrx_word' id='word_1_260' title='bbox 582 1597 620 1626; x_wconf 90' lang='lat' dir='ltr'><strong>L.</strong></span> <span class='ocrx_word' id='word_1_261' title='bbox 643 1596 731 1627; x_wconf 89' lang='lat' dir='ltr'><strong>Man.</strong></span> <span class='ocrx_word' id='word_1_262' title='bbox 746 1600 798 1627; x_wconf 85' lang='lat'><strong>23.</strong></span> <span class='ocrx_word' id='word_1_263' title='bbox 822 1595 925 1626; x_wconf 83' lang='lat' dir='ltr'><strong>Vatin.</strong></span> <span class='ocrx_word' id='word_1_264' title='bbox 946 1599 994 1627; x_wconf 90' lang='lat'><strong>11.</strong></span> 
     </span>
     <span class='ocr_line' id='line_1_37' title="bbox 109 1639 994 1680; baseline -0.002 -11"><span class='ocrx_word' id='word_1_265' title='bbox 109 1649 181 1670; x_wconf 89' lang='lat' dir='ltr'><strong>cum</strong></span> <span class='ocrx_word' id='word_1_266' title='bbox 195 1640 287 1680; x_wconf 78' lang='lat' dir='ltr'><strong>vulgo</strong></span> <span class='ocrx_word' id='word_1_267' title='bbox 299 1641 459 1680; x_wconf 88' lang='lat' dir='ltr'><strong>legeretur,</strong></span> <span class='ocrx_word' id='word_1_268' title='bbox 485 1642 539 1671; x_wconf 87' lang='lat' dir='ltr'><strong>Cn.</strong></span> <span class='ocrx_word' id='word_1_269' title='bbox 555 1639 715 1669; x_wconf 83' lang='lat' dir='ltr'><strong>Lentulum</strong></span> <span class='ocrx_word' id='word_1_270' title='bbox 729 1645 755 1669; x_wconf 87' lang='lat' dir='ltr'><strong>et</strong></span> <span class='ocrx_word' id='word_1_271' title='bbox 774 1639 810 1675; x_wconf 86' lang='lat' dir='ltr'><strong>Q.</strong></span> <span class='ocrx_word' id='word_1_272' title='bbox 825 1639 994 1675; x_wconf 79' lang='lat' dir='ltr'><strong>Claudium,</strong></span> 
     </span>
     <span class='ocr_line' id='line_1_38' title="bbox 110 1681 996 1723; baseline -0.001 -12"><span class='ocrx_word' id='word_1_273' title='bbox 110 1681 168 1712; x_wconf 84' lang='lat' dir='ltr'><strong>viri</strong></span> <span class='ocrx_word' id='word_1_274' title='bbox 182 1681 261 1712; x_wconf 79' lang='lat' dir='ltr'><strong>docti</strong></span> <span class='ocrx_word' id='word_1_275' title='bbox 275 1693 292 1713; x_wconf 87' lang='lat' dir='ltr'><strong>e</strong></span> <span class='ocrx_word' id='word_1_276' title='bbox 307 1683 402 1714; x_wconf 87' lang='lat' dir='ltr'><strong>MSS.</strong></span> <span class='ocrx_word' id='word_1_277' title='bbox 419 1688 634 1723; x_wconf 85' lang='lat' dir='ltr'><strong>reposuerunt:</strong></span> <span class='ocrx_word' id='word_1_278' title='bbox 662 1683 718 1713; x_wconf 75' lang='lat' dir='ltr'><strong>Cn.</strong></span> <span class='ocrx_word' id='word_1_279' title='bbox 740 1682 903 1712; x_wconf 76' lang='lat' dir='ltr'><strong>Lentulum</strong></span> <span class='ocrx_word' id='word_1_280' title='bbox 928 1682 996 1711; x_wconf 69' lang='grc' dir='ltr'><em>Οἰο-</em></span> 
     </span>
    </p>
   </div>
   <div class='ocr_carea' id='block_1_3' title="bbox 113 1723 993 1808">
    <p class='ocr_par' dir='ltr' id='par_1_10' title="bbox 113 1723 993 1808">
     <span class='ocr_line' id='line_1_39' title="bbox 113 1723 993 1764; baseline -0.003 -8"><span class='ocrx_word' id='word_1_281' title='bbox 113 1725 244 1762; x_wconf 58' lang='lat' dir='ltr'><strong>diuitum,</strong></span> <span class='ocrx_word' id='word_1_282' title='bbox 270 1725 412 1764; x_wconf 82' lang='lat' dir='ltr'><strong>Ursinus,</strong></span> <span class='ocrx_word' id='word_1_283' title='bbox 444 1726 604 1764; x_wconf 83' lang='lat' dir='ltr'><strong>Gruterus,</strong></span> <span class='ocrx_word' id='word_1_284' title='bbox 640 1725 692 1756; x_wconf 81' lang='lat' dir='ltr'><strong>Fr.</strong></span> <span class='ocrx_word' id='word_1_285' title='bbox 723 1724 893 1762; x_wconf 85' lang='lat' dir='ltr'><strong>Fabricius,</strong></span> <span class='ocrx_word' id='word_1_286' title='bbox 919 1723 993 1754; x_wconf 76' lang='lat' dir='ltr'><strong>alii:</strong></span> 
     </span>
     <span class='ocr_line' id='line_1_40' title="bbox 156 1766 783 1808; baseline 0.002 -11"><span class='ocrx_word' id='word_1_287' title='bbox 156 1766 305 1808; x_wconf 75' lang='lat' dir='ltr'><strong>(Cla-vis.)</strong></span> <span class='ocrx_word' id='word_1_288' title='bbox 719 1769 739 1798; x_wconf 77' lang='lat'>2</span> <span class='ocrx_word' id='word_1_289' title='bbox 761 1777 783 1798; x_wconf 81' lang='grc' dir='ltr'><strong>Δ</strong></span> 
     </span>
    </p>
   </div>
  </div>
 </body>
</html>
