1137 1848
305 69 455 100 INDEX
479 69 763 100 HISTORICUS.
927 69 984 104 187

142 158 225 197 App.
245 155 397 187 Claudius
412 156 520 194 major,
536 155 574 185 de
587 154 701 192 Onu,
714 156 764 185 60.
782 160 810 184 ct
820 155 871 190 70.
888 153 986 184 dicax.

102 200 224 231 Dicitur
246 199 355 237 major.
372 199 444 239 quia
463 198 586 228 fratrem
611 197 715 227 eodem
737 198 860 227 nomine
884 197 994 226 habuit

102 244 260 276 minorem,
279 242 319 271 P.
340 239 440 271 Clodii
456 247 581 281 patrem.
607 240 704 270 Filius
720 246 763 270 est
779 241 814 270 C.
833 239 966 270 claudii.

145 287 227 325 App.
248 286 409 321 Claudius,
427 284 537 320 minor,
566 284 603 314 P.
623 283 722 313 Clodii
738 289 833 323 pater.
858 282 938 311 filius
954 282 990 312 C.

104 329 236 360 Claudii.
254 329 279 358 Υ
284 327 324 357 id.
340 337 394 368 pro
411 327 517 356 Plane.
529 327 579 356 21.
597 326 633 356 de
650 326 785 365 Harusp.
806 326 846 356 R.
864 326 908 354 12.
921 335 992 354 cum

104 372 192 402 ludos
208 371 288 408 fecit,
305 380 405 400 servos
426 370 463 400 de
484 368 573 399 cavei).
590 368 671 398 exire
691 369 791 407 jussit.
819 368 924 403 Hunc,
941 373 993 397 aut

105 421 183 445 certe
199 413 334 449 fratrem,
350 419 425 453 puto
440 423 501 442 esse
518 423 599 447 eum,
617 411 670 452 qui
685 417 794 452 praetor
814 410 872 440 fuit
888 420 921 440 eo
940 420 995 439 an-

105 467 155 492 no.
173 467 233 497 quo
247 457 298 486 lex
316 456 440 485 Plautia
457 455 580 495 Papiria
599 455 661 484 lata
676 460 730 489 est,
746 453 841 484 Arch.
857 455 887 482 5.
911 453 992 483 Con-

106 500 154 531 sul
169 499 228 529 fuit
243 509 313 529 cum
330 499 366 528 P.
379 498 504 529 Servilio
521 497 665 534 Isaurico,
680 497 783 527 Planc-
805 497 856 526 21.

151 543 231 581 App.
253 543 407 572 Claudius
430 542 576 578 Pulcher,
600 541 682 580 App.
700 540 735 569 F.
754 540 788 570 C.
806 540 848 569 N.
865 538 904 567 P.
922 537 994 568 Clo-

109 586 152 615 dii
166 586 269 622 frater‚
286 585 321 621 is„
345 585 384 614 ad
402 594 494 624 quem
516 589 587 614 sunt
607 583 670 613 Cic.
692 582 833 623 epistolae.
858 581 930 611 Div.
950 579 996 617 ΙΙ,

110 630 161 658 35.
186 628 338 658 Ciceronis
354 627 469 667 collega
490 627 521 656 in
544 632 714 666 auguratu:
740 625 777 656 ad
793 635 884 666 quem
906 624 997 654 etiam

108 672 223 701 librum
246 670 362 710 scripsit
383 670 419 699 de
436 670 504 708 jure
523 669 673 707 augurali,
690 674 724 698 ut
745 679 782 698 ex
804 667 999 708 epistolarum

111 715 188 744 libro
204 712 272 750 ΙΙΙ,
290 715 320 749 4,
339 718 461 742 constat.
480 712 544 742 Att.
563 711 622 748 IV,
642 712 690 741 16.
716 717 784 751 post
798 711 1001 746 consulatum,

111 767 202 797 quem
219 767 287 786 cum
306 756 342 785 1..
360 755 497 785 Domitio
516 755 618 794 gessit,
640 754 671 783 in
689 753 828 784 Ciliciam
849 753 912 783 sine
932 753 998 792 lege

111 799 227 830 curiata
248 799 366 838 cogitat.
391 798 555 835 Quomodo
577 808 608 827 se
627 797 659 826 in
680 796 834 837 provincia
856 796 1000 836 gesserit;

112 848 142 873 et
157 842 194 872 de
209 841 374 877 simultate,
387 851 480 881 quam
497 851 566 870 cum
584 840 729 870 Cicerone
741 848 906 869 successore
918 848 1004 867 exer·

114 885 187 921 cuit,
208 884 344 924 legendae
364 883 496 923 epistolae
515 883 666 913 Ciceronis
682 882 720 911 ad
741 882 895 918 Divemos,
917 886 945 910 et
966 880 1005 910 ad

115 928 266 964 Atticum,
283 937 319 956 ex
335 926 442 956 Cilicia
455 926 581 966 scriptae.
598 926 675 955 libro
692 923 756 954 III.
771 924 808 954 ad
820 924 892 954 Div.
905 922 1004 961 VIII,

116 972 146 1000 6.
163 968 317 1000 accusatus
333 979 350 998 a
366 968 539 1005 Dolabella,
553 978 636 1008 spem
652 967 800 1008 triumphi
816 966 927 1005 abjicit.
945 966 1006 996 Pro

119 1023 153 1043 eo
170 1012 338 1052 Pompeius
353 1012 477 1041 laborat.
495 1012 584 1040 Brut.
608 1012 658 1040 64.
681 1010 852 1040 defenditur
867 1010 905 1038 ab
923 1009 1005 1038 Hor-

119 1055 223 1086 tensio.
238 1055 275 1084 ad
292 1054 363 1084 Div.
384 1054 480 1090 VIII,
497 1055 527 1083 6.
544 1053 717 1083 absolvitur.
732 1054 779 1082 12.
796 1054 844 1082 14.
858 1053 923 1091 ejus
938 1062 1007 1082 cen-

120 1109 200 1134 sura,
218 1097 316 1138 qualis
331 1097 430 1126 fuerit.
453 1096 491 1126 de
506 1096 578 1126 Div.
602 1096 630 1132 Ι,
650 1097 698 1126 16.
720 1102 804 1125 notat
819 1096 855 1126 C.
873 1094 1009 1124 Ateium.

122 1141 210 1176 (Vid.
226 1141 257 1169 in
271 1141 306 1170 C.
319 1138 455 1178 Ateius.)
475 1139 539 1169 Att.
554 1139 601 1176 ΙΙ,
618 1140 670 1168 22.
685 1138 834 1178 Pompeio
844 1137 1003 1178 promittit,

122 1183 163 1214 P.
180 1183 323 1214 Clodium
338 1182 414 1212 nihil
429 1182 555 1223 periculi
562 1182 698 1212 Ciceroni
714 1187 894 1212 creaturum.
906 1180 1007 1218 VIII,

125 1228 153 1257 1.
178 1226 367 1256 inconstans:
393 1225 475 1266 quod
499 1225 610 1255 scilicet
633 1234 714 1254 nunc
743 1224 903 1264 Pompeio,
929 1233 1011 1253 nunc

124 1268 247 1306 Caesari,
261 1268 389 1298 favebat.
419 1268 449 1297 N
453 1277 503 1298 am
518 1268 600 1298 hunc
614 1267 716 1297 locum
731 1267 768 1296 de
784 1277 818 1296 eo
834 1265 1015 1306 capiendum

124 1322 198 1347 esse,
215 1321 253 1341 ex
268 1321 303 1340 eo
318 1310 507 1351 intelligitur,
524 1310 606 1351 quod
619 1310 656 1339 L.
668 1309 806 1339 Domitio
818 1309 969 1349 jungitur,
980 1313 1015 1338 ut

126 1354 212 1385 PhiJ.
237 1352 336 1391 XIII,
359 1355 388 1384 9.
410 1353 450 1383 ad
466 1353 537 1383 Div.
556 1353 623 1390 ΙΙΙ,
644 1353 673 1382 4.
693 1353 757 1391 ejus
772 1352 835 1382 filia
849 1351 937 1381 nubit
952 1351 1011 1381 Cn.

129 1396 269 1437 Pompeii
284 1396 356 1426 filio.
380 1396 470 1426 Brut.
487 1396 537 1431 77.
554 1406 635 1426 socer
645 1394 749 1431 Bruti,
762 1400 871 1431 orator,
883 1394 1015 1434 antiqui-

128 1439 208 1477 tatis,
228 1439 305 1478 juris
328 1438 482 1478 auguralis
503 1444 533 1468 et
554 1438 679 1478 publici7
701 1437 909 1477 peritissimus,
934 1436 1015 1466 bello

129 1482 210 1512 civih
235 1481 358 1511 interiit·
379 1481 451 1511 Div.
471 1480 500 1518 Ι,
522 1482 573 1510 58.
595 1480 736 1517 sortibus,
754 1479 1015 1517 hariolafionffius,

130 1530 160 1555 et
183 1523 424 1565 psychomantia,
449 1524 555 1553 utitur.
585 1523 678 1553 Tusc.
705 1521 732 1560 Ι,
752 1523 781 1552 6.
803 1521 1017 1552 necromantia}

131 1567 292 1603 studiosus,
306 1567 362 1596 &c-
381 1566 420 1596 ad
432 1566 504 1595 Div.
517 1566 559 1603 V,
573 1566 622 1595 10.
633 1565 659 1595 ei
669 1565 811 1595 Vatinius
820 1565 852 1594 in
866 1570 1017 1605 auguratu

131 1609 281 1645 successit,
297 1609 389 1639 homo
410 1608 581 1648 impudens.
605 1608 767 1638 Manutius
784 1608 821 1637 de
836 1607 894 1637 alio
909 1606 1016 1647 Appio

133 1651 232 1682 nescio
246 1662 318 1692 quo,
334 1651 497 1691 intelligit;
522 1651 573 1681 sed
591 1651 666 1680 ratio
675 1652 740 1690 ejus
752 1651 827 1680 nihil
839 1650 927 1680 valet.
943 1649 1018 1679 ibid.

135 1696 165 1725 9.
182 1700 241 1724 tres
259 1704 372 1725 sorores
392 1694 493 1724 habet.
523 1693 570 1724 At
584 1704 633 1734 ap.
650 1694 737 1724 Varr.
754 1693 795 1723 R.
817 1693 857 1723 R.
876 1691 941 1729 III⁷
966 1693 1016 1722 16.

134 1737 205 1768 dicit
221 1747 251 1767 se
271 1747 436 1778 pauperem
455 1736 593 1767 relictum
606 1747 631 1772 ,a
648 1742 733 1777 patre
750 1746 819 1767 cum
836 1735 954 1766 duabus
972 1745 1019 1765 so-
