1122 1868
110 72 174 104 260
324 70 473 103 INDEX
495 71 781 104 HISTORICUS.

108 158 275 200 pianicum,
299 168 318 188 a
335 168 397 199 quo
416 157 566 198 judicium
580 158 604 188 J
606 158 754 189 unianum
768 157 889 196 dicitur,
910 157 992 199 quod

108 207 172 232 tam
188 212 266 242 saepe
280 201 311 231 in
327 201 362 231 ea
375 201 507 239 oratione
521 206 551 232 et
572 201 639 232 aliis
654 207 918 239 commemoratur,
939 211 993 231 cu-

105 244 219 286 jusque
233 244 347 275 invidia
361 244 459 284 periit.

154 291 188 318 (1.
202 289 325 322 Janius,
342 287 462 317 Cluent.
481 287 530 317 49.
547 286 638 317 filius.

150 330 189 360 L.
205 332 324 369 chnius,
346 329 418 359 Div.
435 329 463 365 I,
483 330 531 359 16.
551 329 597 366 II,
620 331 649 360 8.
668 329 719 359 33.
737 329 810 359 Nat.
831 328 874 359 D.
898 328 946 366 II,
962 329 994 359 3.

109 373 216 404 consul
231 383 300 403 cum
326 373 361 403 P.
378 372 519 411 Claudio,
541 372 683 413 neglectis
698 371 847 412 auspiciis,
869 372 993 402 classem

107 416 214 456 perdit,
231 422 260 446 et
274 416 331 446 sibi
353 422 482 446 mortem
497 416 661 453 consciscit,
682 415 721 446 A.
739 416 822 452 5043
847 415 886 445 ad
901 425 993 456 quem

109 460 152 488 A.
166 470 194 489 v.
211 459 367 499 Pighium.

149 503 203 531 M.
231 503 351 539 Junius,
374 502 470 542 Legg.
499 500 563 539 ΙΙΙ,
589 503 640 532 20.
667 500 783 541 scripsit
808 499 848 530 ad
875 506 993 540 patrem

109 543 205 574 Attici
218 544 311 574 libros
327 546 349 562 “
360 544 397 574 de
414 544 600 574 Potestate.”
619 543 725 574 Cicero
739 542 822 581 dicit,
839 542 908 581 sibi,
925 553 994 573 ma-

107 587 282 627 gistratibus
302 587 368 626 lege
394 586 574 623 constitutis,
599 585 760 616 dicendum
775 585 813 615 de
832 591 989 625 potestate,

106 635 174 659 tum
207 629 244 659 de
270 630 348 668 jure.
370 628 408 658 Id
435 639 465 658 se
492 629 619 659 breviter
645 628 689 658 ait
713 628 866 658 facturum
879 639 888 663 ;
921 638 994 658 nam

105 672 244 712 pluribus
269 671 367 702 verbis
385 671 535 711 scripsisse
552 671 591 701 ad
610 676 729 712 patrem
753 670 849 700 Attici
871 670 920 700 M.
934 671 996 700 Ju-

106 714 194 744 nium
209 714 362 751 Sodalem,
379 714 473 754 perite
483 723 537 744 suo
547 714 671 754 quidem
684 713 810 752 judicio,
821 719 850 743 et
865 713 994 753 diligen-

106 763 160 786 ter.
185 757 233 786 At
248 758 271 774 “
282 757 319 786 de
331 757 421 796 jure''
439 759 575 791 (naturae
586 756 688 786 addita
698 766 758 786 vox
769 755 846 785 mihi
858 762 995 796 suspecta

108 805 165 837 est,
180 805 216 829 ut
238 805 319 830 totus
334 800 372 829 ab
387 799 444 830 hoc
464 799 588 840 quidem
604 800 694 829 verbo
708 798 806 838 locus)
832 800 854 815 “
867 808 898 828 se
913 799 994 838 cogi-

106 847 170 871 tare
185 847 214 871 et
228 841 325 872 dicere
347 841 489 880 debere,’'
514 843 571 872 &e
599 841 668 872 Viri
691 841 771 871 docti
792 841 992 879 consentiunt,

106 890 259 924 quantum
283 884 355 923 scio,
379 884 505 915 indicari
524 885 546 915 J
549 885 669 922 unium,
694 884 758 924 qui,
778 885 816 914 ob
841 893 995 914 summam

107 936 178 956 cum
195 926 231 957 C.
249 926 385 958 Graccho
406 927 654 959 familiaritatem,
679 926 875 957 Gracchanus
897 926 995 957 dictus

105 969 155 1007 nit,
171 970 258 1008 cujus
274 970 357 1010 apud
372 970 521 1009 Plinium,
535 969 703 1007 XXXIII,
723 970 750 999 l.
768 969 891 1000 mentio.
918 969 992 999 Vid.

107 1010 178 1042 Ind.
192 1018 270 1043 auct.
286 1012 452 1043 Harduini.
474 1013 534 1044 Sed
548 1013 641 1053 hujus
661 1013 775 1043 librum
798 1014 821 1030 ‘⁶
831 1011 869 1042 de
889 1012 995 1042 Potes-

106 1055 241 1086 tatibus'’
265 1062 415 1086 memorat
430 1055 593 1096 Ulpianus,
611 1056 649 1086 L.
677 1054 694 1084 I
709 1054 746 1085 de
769 1054 860 1085 Offic.
884 1060 992 1095 quaest.

105 1097 337 1135 Commentarii,
348 1108 424 1139 quos
433 1098 598 1129 Turnebus
607 1098 713 1139 respici
724 1099 861 1138 putabat,
869 1098 908 1127 ad
917 1108 994 1138 quos

104 1147 247 1180 provocat
256 1141 367 1179 Varro,
377 1141 416 1171 de
428 1140 542 1171 L.Lat.
553 1152 622 1182 pag.
632 1143 683 1171 50.
697 1141 742 1171 ed.
754 1139 859 1180 Steph.
867 1140 992 1180 aliique,

105 1182 238 1213 historici
249 1183 346 1220 fuere,
359 1193 457 1224 neque
468 1184 528 1214 huc
539 1185 698 1224 pertinent.
722 1183 816 1220 Quod
824 1190 927 1213 autem
939 1183 995 1213 So-

104 1225 182 1256 dalis
191 1225 311 1263 dicitur,
321 1226 354 1256 id
361 1226 524 1257 Turnebus
532 1227 746 1267 interpretatur
751 1225 804 1263 ita,
811 1232 846 1256 ut
856 1225 894 1256 sit
900 1225 994 1266 patris

104 1268 203 1298 Attici
217 1268 338 1307 sodalis,
354 1275 407 1299 aut
427 1276 462 1299 ut
477 1280 496 1299 a
511 1269 688 1300 Gracchana
708 1268 842 1298 amicitia
856 1267 993 1298 absolute

104 1311 215 1341 sodalis
239 1311 378 1347 dicatur-3
400 1311 486 1343 illam
501 1318 604 1343 autem
622 1313 695 1343 huic
709 1311 901 1352 explicationi
916 1321 993 1351 prae-

104 1352 173 1383 fert.
194 1353 227 1385 Si
252 1363 365 1384 nomen
388 1355 609 1395 appellativum
631 1361 686 1393 est,
707 1364 769 1385 non
791 1354 897 1384 dubito
917 1354 992 1394 quin

104 1395 144 1425 sit
169 1396 207 1427 de
232 1396 366 1427 amicitia
391 1407 462 1428 cum
487 1398 585 1429 Attici
613 1404 698 1438 patre
720 1396 910 1438 capiendum.
943 1396 994 1427 Sic

105 1437 192 1468 Mur.
208 1441 263 1470 27.
287 1439 408 1470 Servius
422 1441 575 1481 Sulpicius
586 1441 695 1471 sodalis
709 1440 775 1479 filii,
791 1450 830 1470 sc.
841 1439 992 1470 Musenae.

105 1480 176 1511 Nisi
191 1482 260 1522 quis
274 1482 350 1513 forte
365 1483 519 1524 dignitatis
530 1493 642 1515 nomen
656 1490 763 1525 putare
778 1482 861 1519 velit,
873 1493 892 1512 a
901 1482 991 1512 colle-

103 1523 154 1563 gio
163 1524 278 1565 aliquo,
289 1526 375 1565 cujus
385 1526 493 1556 sodalis
504 1526 606 1565 fuerit,
618 1533 777 1567 tamquam
792 1525 969 1566 epulonum.

149 1567 202 1596 M.
217 1569 338 1605 εῙιινιιίις,
362 1568 471 1606 Quint.
487 1569 514 1600 l.
530 1569 584 1610 qui
599 1579 721 1600 causam
736 1567 858 1606 Quintii
872 1567 990 1608 aliquo-

104 1608 160 1639 ties
175 1615 286 1649 egerat,
302 1610 451 1651 legatione
465 1612 569 1653 aliqua
578 1618 728 1643 avocatur.
751 1610 937 1641 Passeratius
952 1609 991 1640 de

104 1651 158 1681 fflo
181 1652 357 1683 Gracchano
372 1654 394 1683 J
397 1654 470 1685 unio
490 1655 703 1696 interpretatur
716 1665 727 1690 ς
749 1653 849 1683 nescio
863 1653 926 1694 qua
940 1663 989 1682 ra-

104 1694 185 1726 tione
207 1696 357 1728 inductus.
382 1697 543 1739 Temporis
557 1698 681 1739 quidem
701 1696 777 1728 ratio
795 1706 856 1727 non
875 1706 987 1737 repug-
