1137 1848
307 99 455 131 INDEX
480 98 765 131 HISTORICUS.
918 98 985 133 3171

96 182 170 222 XV,
190 185 238 216 17.
254 184 286 215 in
304 185 408 217 Gallia
423 185 552 217 citeriori
568 185 617 215 M.
628 185 727 215 Bruto
738 182 877 215 succedit.
902 183 987 214 Phil.

98 227 142 263 V,
164 230 211 257 19.
227 229 332 258 consul
348 239 418 259 cum
436 229 548 259 Hirtio.
564 228 602 258 ad
618 228 692 258 Div.
709 228 753 265 X,
770 228 822 257 33.
838 226 990 256 exercitus

101 270 165 308 ejus
182 269 220 299 ad
235 270 393 302 Mutinam
410 272 575 302 conciditur
589 282 597 306 3
623 277 651 301 et
673 270 737 310 ipse.
760 280 797 299 ex
813 269 988 299 vulneribus

100 313 237 342 moritur.
262 312 311 344 Cf.
328 315 367 344 ad
382 315 472 345 Brut.
489 315 518 344 6.
537 314 618 343 Phil.
636 313 698 350 Xl,
716 315 746 344 9.
762 312 896 342 laudatio
911 313 987 351 ejus.

145 357 331 395 Panurgus,
349 369 379 398 p.
396 357 506 388 Roscio
523 357 611 387 Com.
626 359 674 387 10.
692 355 768 386 servi
784 365 904 385 nomen.

127 399 262 469 lPapia,
285 400 323 430 ad
338 400 411 430 Div.
434 399 529 438 XVI,
549 401 600 429 24.
621 399 736 429 femina
756 408 772 428 e
786 404 875 438 gente
894 396 991 437 Papia

104 451 126 482 p
139 442 233 471 ebeia.

149 486 265 523 Papia,
284 485 406 516 Cluent.
423 488 452 517 9.
469 496 548 516 uxor
563 484 736 526 Oppianici.

150 529 284 566 Papirii,
302 528 340 558 ad
356 529 428 559 Div.
446 529 510 566 IX,
527 530 579 558 21.
598 529 671 558 olim
689 528 812 567 Papisii
823 527 904 558 dicti.
920 526 994 556 ibid.

106 569 169 607 IX,
186 574 238 601 21.
255 571 292 601 de
308 571 432 602 familiis
448 571 578 612 Papiriis
593 571 725 611 patriciis
741 577 770 601 et
791 570 917 612 plebeiis
934 575 996 599 tota

106 613 252 653 epistola3
277 613 308 643 in
334 615 397 655 qua
426 615 504 644 illud
529 614 672 651 notabile,
703 614 804 654 ipsum
835 612 995 654 Papirium

109 655 230 686 Paetum
245 657 410 697 ignorasse⁷
426 657 566 698 patricios
582 656 719 697 Papirios
735 657 836 686 fuisse.

151 700 205 728 Cn.
224 701 376 738 Papirius,
401 701 489 731 Verr.
512 699 557 738 ΙΙ,
588 702 637 729 12.
656 706 700 730 est
721 699 778 729 Cn.
798 698 911 734 Carbo,
927 707 998 739 pro-

107 742 213 771 consul
241 742 361 779 (ianne,
389 749 536 783 quaestore
561 742 666 773 Verre.
691 742 725 772 it.
741 743 852 783 Agrar.
878 740 943 779 ΙΙΙ,
969 744 999 771 2.

109 784 190 814 Vide
204 785 235 814 in
254 787 310 816 Cn.
330 786 432 815 Carbo.

111 839 113 841 ’
151 828 190 857 L.
211 828 345 867 Papirius
362 829 495 865 Crassus,
512 829 551 859 ad
568 828 641 858 Div.
659 828 722 866 IX,
745 831 798 858 21.
813 827 939 858 dictator
954 826 998 856 A.

115 872 191 901 415.
207 877 236 901 et
251 871 359 901 deinde
374 872 478 902 consul
494 882 564 902 cum
582 871 713 909 Duillio,
730 871 773 901 A.
788 873 861 902 417.

153 914 197 944 L.
224 915 363 953 Papirius
392 915 512 953 Cursor,
538 915 576 945 ad
601 914 673 945 Div.
698 914 762 953 IX,
787 917 838 944 21.
860 912 1003 953 magister

116 957 256 997 equitum
273 957 312 986 A.
330 959 404 986 415.

157 1000 196 1030 L.
214 1002 364 1038 Papirius,
382 1000 589 1040 Fregellanus,
605 1000 695 1030 Brut.
712 1000 765 1029 46.
780 1000 852 1030 Tib.
872 997 1002 1028 Gracchi

111 1042 148 1072 P.
176 1043 212 1072 F.
238 1049 326 1073 aetate
348 1043 562 1073 disertissimus
583 1043 674 1073 Latii.
699 1042 878 1073 Orationem
900 1042 932 1071 in
957 1051 1002 1071 se-

111 1091 186 1115 natu
209 1085 346 1116 habitam
372 1086 494 1126 reliquit
518 1096 573 1127 pro
603 1086 790 1126 Fregellanis
816 1084 1001 1124 coloniisque

113 1127 243 1158 Latinis.

114 1182 118 1185 ¹
157 1172 198 1202 L.
216 1172 356 1210 Papirius
370 1172 579 1211 AIugilIanus,
605 1171 643 1201 ad
658 1171 732 1202 Div.
750 1170 810 1205 lx,
825 1175 876 1201 21.
902 1168 1006 1200 consul

114 1214 154 1243 A.
171 1215 243 1245 309.
270 1220 299 1244 et
313 1224 416 1246 censor
432 1215 490 1244 suit
511 1225 580 1245 cum
598 1215 636 1244 1..
659 1214 837 1255 Sempronio
850 1213 1003 1249 Atratino,

115 1257 159 1286 A.
183 1258 256 1287 312.
280 1258 433 1288 Caeterum
460 1258 587 1298 Pighius
613 1257 651 1287 ad
670 1258 712 1288 A.
740 1261 803 1289 310
821 1257 911 1287 refert
936 1265 1006 1286 cen-

115 1310 228 1329 surani.

160 1343 201 1372 L.
222 1342 359 1382 Papirius
386 1345 505 1380 Paetus,
528 1343 596 1374 Att.
623 1342 650 1379 Ι,
677 1344 727 1373 20.
751 1343 843 1373 donat
869 1341 1006 1373 Ciceroni

113 1385 208 1415 libros
230 1386 312 1416 Serv.
339 1386 460 1416 Claudii
480 1386 590 1416 fratris.
612 1386 667 1416 Ad
687 1396 758 1416 eum
780 1391 851 1415 sunt
874 1385 1007 1426 epistolae

121 1428 174 1458 lib.
193 1427 244 1457 IX
259 1428 298 1458 ad
314 1428 433 1459 Divers.
450 1440 488 1459 ex
509 1429 620 1469 quibus
636 1429 826 1469 intelligitur,
844 1438 914 1458 eum
929 1427 1007 1468 Epi-

119 1479 245 1501 cureum
257 1477 286 1501 et
300 1472 456 1502 hominem
472 1472 595 1502 doctum
610 1471 802 1512 facetumque
817 1471 919 1501 fuisse.

160 1515 200 1544 L.
219 1516 371 1552 Papirius,
396 1515 484 1545 Verr.
506 1515 548 1553 V,
573 1517 624 1544 21.
639 1524 730 1555 eques
745 1515 917 1552 Romanus,
933 1524 1007 1554 neg-

118 1557 228 1588 otiator
242 1557 273 1587 in
291 1557 402 1588 Sicilia.

119 1610 122 1613 ·
169 1601 211 1631 L.
235 1602 371 1638 Papirius
395 1602 536 1640 Pomone,
553 1600 640 1631 Verr.
661 1599 722 1639 IV,
744 1600 794 1631 66.
811 1600 907 1631 scriba
932 1599 1011 1629 Ver-

122 1643 172 1674 ris.
189 1643 238 1674 Cf.
255 1643 316 1681 IV..
333 1644 383 1674 60.

167 1688 220 1717 Μ.
237 1688 391 1725 Papirius,
414 1687 486 1717 Mil.
510 1687 540 1722 7.
557 1697 648 1728 eques
663 1687 834 1723 Romanus,
851 1697 869 1716 a
884 1686 921 1715 P.
939 1685 1011 1716 Clo-

124 1729 174 1759 dio
200 1729 231 1759 in
255 1729 303 1760 vizi
328 1730 434 1771 Appia
456 1730 642 1760 interficitur.
662 1739 718 1770 pro
740 1729 834 1760 Dom.
857 1730 905 1760 19.
920 1728 1012 1759 frater

125 1774 209 1803 Sext.
225 1772 302 1803 AElii
318 1772 452 1814 Liguris,
469 1773 582 1803 tribuni
596 1773 702 1815 plebis.

703 1817 722 1845 2
740 1823 762 1846 E
779 1815 799 1844 3
