1122 1868
147 83 206 114 126
358 82 510 114 INDEX
533 82 822 116 HIS'PORICUS.

193 169 229 199 T.
246 168 399 208 Agusius,
418 169 457 199 ad
472 169 547 201 Div.
570 169 673 209 XIII,
695 170 749 209 70,
766 169 919 202 Ciceronis
937 181 1036 204 comes

147 212 180 242 in
195 211 311 244 exsilio

187 256 302 294 Ahala,
319 264 484 295 cognomen
501 255 707 286 Serviliorum
733 266 762 286 v.
776 266 801 286 c.
818 256 899 287 Phil.
915 256 961 296 ΙΙ,
980 259 1032 299 11,

144 298 198 328 ubi
214 309 244 328 es
247 306 258 328 t
273 308 370 329 sermo
386 298 423 328 de
439 299 473 329 C.
489 299 615 329 Servilio
630 298 694 328 Ah.
719 299 772 339 qui
792 299 925 330 Melium
940 302 1035 332 inter-

144 341 224 371 fecit.
246 340 362 378 Quod
354 350 386 369 m
402 341 507 371 eodem
530 341 626 381 capite
642 341 704 371 ait:
731 344 753 358 ⁶·
771 343 855 375 Quid
870 345 946 374 duos
962 345 1034 375 Ser-

144 385 242 421 vi‘lzos,
263 387 372 415 Cascas
390 395 432 413 an
457 385 577 414 Ahalas
598 385 733 421 dicam,”
759 386 815 414 ἃς.
840 385 872 415 id
886 386 928 417 ita
943 387 1034 418 intel-

142 427 222 467 lige:
248 426 399 463 Servilios,
423 426 554 457 facinore
576 427 632 457 hoc
654 427 843 467 promeritos,
864 436 900 459 ut
919 430 1033 461 Ahalae

142 469 243 510 potius
259 481 353 511 quam
374 469 476 500 Cascae
496 469 688 506 dicerentur3
712 476 747 500 ut
767 476 845 500 recte
866 472 1030 504 Manutius

142 518 172 542 et
188 512 423 553 lVesselingius,
443 512 533 543 Obss.
552 512 598 549 II,
618 514 668 549 16,
685 513 738 543 ubi
754 519 783 543 et
797 512 894 553 docet,
911 515 1032 546 Cicero-

145 555 193 585 nis
209 562 296 586 aetate
311 556 411 586 nullos
430 556 542 585 Ahalas
558 555 660 585 fuisse.

185 599 268 629 Aius
284 600 439 639 Loquens,
456 598 494 628 de
510 598 584 629 Div.
604 597 649 636 II,
665 601 719 637 32,
737 608 848 629 nomen
864 600 937 631 Dei.
967 601 1030 633 Ara

149 651 225 680 ejus.

187 685 250 714 Ala
276 696 313 715 ex
338 686 456 722 Axilla,
477 694 645 724 cognomen
669 685 799 722 Servilii,
821 684 877 715 Or.
902 687 956 725 45,
978 687 1032 719 ubi

146 732 249 757 tamen
267 728 376 759 Lamb.
393 727 521 759 correxit
538 728 626 757 Haza
642 737 697 768 pro
713 728 827 757 Ahala.

190 771 384 809 Alabandus,
402 772 475 801 Nat.
495 770 538 800 D.
561 770 628 807 ΙΙΙ,
648 771 699 808 15,
715 771 850 801 conditor
865 771 1030 813 Anbandi,

145 818 174 843 ct
190 813 277 844 Deus
293 815 384 845 urbis.

188 857 387 895 Alabarclzes,
413 857 452 887 ad
472 857 540 887 Att.
561 856 608 895 ΙΙ,
636 857 686 893 17,
711 862 754 887 est
780 857 955 898 Pompeius,
977 859 1032 900 qui

144 899 279 938 jactabat
307 911 338 930 38
368 899 525 940 vectigalia
562 910 632 940 pop.
664 900 756 929 Rom.
787 900 874 931 valde
902 902 1032 932 auxisse.

147 941 228 978 Qua
224 953 253 972 11
273 949 375 973 autem
400 943 660 973 accommodatum
677 942 714 972 sit
736 943 792 973 hoc
807 952 928 983 nomen,
945 955 983 975 ex
998 955 1033 976 eo

145 984 275 1025 intelligi
291 992 398 1026 potest,
416 985 511 1033 quod·
515 985 633 1015 Plinius
649 985 751 1022 tradit,
767 986 840 1026 quia
854 987 927 1016 olim
942 987 1034 1018 vecti-

144 1028 226 1067 galia
249 1029 280 1057 in
313 1029 383 1058 solis
409 1028 527 1068 pascuis
550 1028 670 1063 fuerint,
695 1037 852 1068 propterea
883 1036 1035 1060 servatum

146 1080 209 1100 esse
231 1082 249 1101 a
269 1072 452 1109 censoribus,
476 1077 510 1101 ut
525 1071 627 1101 onmia
645 1070 802 1111 vectigalia
815 1071 942 1112 reipubl.
967 1083 1035 1113 pas-

146 1123 274 1144 cuorum
302 1114 425 1144 nomine
459 1114 491 1143 in
516 1114 626 1143 tabulis
646 1120 676 1143 et
702 1114 733 1142 in
756 1114 943 1153 pactionibus
966 1125 1036 1145 cen-

146 1166 224 1186 sores
237 1158 515 1197 complecterentur.
539 1157 570 1186 V
572 1156 677 1196 ectigal
690 1157 771 1186 enim
784 1167 800 1186 e
811 1157 929 1197 pascuis
937 1160 1037 1198 scrip..

144 1203 219 1228 tara
237 1199 365 1235 dicitur3
390 1206 418 1229 et
435 1199 633 1234 Alabarches
654 1206 687 1228 ut
703 1199 789 1229 docet
807 1199 962 1238 Cujacius,
978 1202 1033 1242 qui

146 1241 224 1272 hanc
240 1253 344 1273 vocem
361 1242 500 1273 Ciceroni
515 1242 656 1279 reddidit,
681 1242 757 1272 Obs.
774 1242 803 1272 V
807 1241 871 1280 111,
888 1244 941 1282 37,
959 1244 1034 1274 dici-

146 1290 195 1314 tur
219 1286 256 1315 ab
284 1286 395 1321 αλαβα,
420 1290 650 1321 atramentzcm5
675 1292 778 1326 estque
798 1285 872 1315 adeo
889 1286 1033 1327 magister

144 1328 307 1368 scripturae.
335 1329 395 1359 Sed
415 1329 467 1358 alii
489 1328 653 1369 praeferunt
668 1328 857 1367 Arabarcha,
874 1335 908 1358 ut
922 1329 953 1359 in
975 1329 1032 1360 hoc

144 1369 296 1401 Ciceronis
320 1371 396 1409 loco,
422 1372 464 1401 ita
487 1372 518 1401 in
545 1371 622 1408 aliis,
647 1371 701 1400 ubi
724 1370 815 1410 hujus
839 1371 1032 1411 magistratus

143 1413 258 1443 mentio
272 1426 279 1443 :
305 1414 336 1444 in
352 1414 398 1444 his
419 1424 516 1454 nuper
532 1413 753 1454 KVesselingius
770 1413 807 1443 de
822 1414 1031 1445 Archontibus

144 1455 340 1494 Judaeorum,
357 1468 381 1487 c.
404 1458 435 1494 8,
452 1457 567 1487 dictum
583 1462 694 1497 putans
716 1458 754 1487 ab
773 1457 902 1497 J'Egypti
925 1458 1030 1488 Nomo

144 1498 288 1529 Arabiae:
313 1510 382 1539 quae
406 1500 540 1530 refellere
565 1499 708 1539 longioris
733 1505 778 1530 est
805 1499 1029 1540 disputationis.

144 1540 232 1570 Libri
248 1542 372 1582 quidem
387 1549 416 1572 et
430 1553 476 1573 183
491 1548 571 1572 stant
586 1552 641 1583 pro
656 1542 747 1582 priori
762 1542 912 1583 opinione.

189 1583 224 1612 C.
243 1585 397 1622 Albanius,
414 1586 481 1615 Att.
500 1585 598 1618 XIII,
615 1585 666 1615 31.

187 1627 252 1656 Sex.
271 1628 422 1666 Albedius,
444 1629 525 1658 Phil.
547 1627 647 1667 XIII,
675 1628 725 1665 13,
742 1635 869 1668 senator,
884 1630 1031 1661 beneficio

142 1669 282 1700 Antonii.

185 1712 218 1742 C.
238 1713 372 1751 Albinus,
389 1714 427 1745 ad
452 1714 525 1745 Div.
547 1713 648 1752 XIII,
663 1715 696 1752 8,
713 1722 841 1754 senator,
868 1715 905 1747 P.
932 1717 1029 1748 Sextii

143 1755 242 1786 fraecr.
