1137 1848
310 75 460 107 INDEX
484 73 770 107 HISTORICUS.
924 76 986 112 379

137 162 268 202 Syphax,
286 162 355 191 Inv.
374 161 422 198 11,
438 161 489 191 34.
502 161 710 191 Numidarum
723 171 787 199 rex,
804 161 903 202 primo
918 162 985 192 Ro-

95 214 266 241 manorum,
292 204 400 234 deinde
420 204 727 244 Carthaginiensium,
745 204 850 234 socius.
876 204 985 236 Victus

96 247 129 277 in
145 247 298 288 triumpho
313 247 421 277 ductus
437 252 492 277 est.
509 247 577 276 Liv.
595 247 704 276 XXX.
722 253 798 277 extr.

141 292 222 330 Syro,
248 290 315 320 Fin.
342 289 388 327 ΙΙ,
414 290 464 320 35.
491 289 529 320 ad
550 289 625 319 Div.
650 289 711 328 VI,
737 293 786 319 11.
802 290 986 331 Epicureus,

97 333 211 363 amicus
225 331 385 363 Ciceronis.

142 378 244 416 Syrus,
267 375 334 406 Att.
350 374 488 414 XIL‘D
448 384 499 406 ..·..
516 375 614 406 Attici
629 385 741 405 servus.

524 461 565 491 T.

145 549 184 579 P.
202 547 321 585 Tadius,
345 547 433 577 Verr.
449 546 495 584 ΙΙ,
523 547 574 577 39.
596 545 726 577 Videtur
742 547 910 588 negotiatus
927 558 988 580 esse

98 591 244 664 &lh‘gzn'ss’
261 597 328 632 post
345 591 448 621 Verris
466 591 583 630 legatus
599 590 629 619 in
652 590 755 620 Sicilia
770 590 870 621 fuisse.
898 591 928 621 V
930 602 986 621 err.

143 656 179 712 ᾧ.
198 645 324 714 glalius,
336 677 424 707 Verr.
445 675 491 711 ΙΙ,
508 676 559 706 49.
573 674 762 716 propinquus
777 675 890 707 Verris.
907 677 936 707 T
939 688 986 708 es-

95 719 133 749 tis
156 726 259 750 contra
283 720 421 750 Verrem.
445 719 507 749 Hic
527 718 650 748 fortasse
673 724 716 748 est
737 719 866 758 Tadius,
897 721 985 760 cujus

95 763 209 793 mentio
224 766 293 793 Att.
315 762 340 800 Ι,
359 766 388 793 5.

141 806 240 846 finges,
266 805 336 842 Div.
366 805 413 843 ΙΙ,
440 808 491 835 23.
518 809 621 834 auctor
646 803 812 844 disciplinae
832 805 982 844 Etruscae,

93 848 146 889 qui
171 855 293 889 repente
313 849 404 885 terra,
426 858 496 878 cum
521 853 664 883 araretur,
689 846 798 885 editus,
820 848 983 887 agricolam

91 896 186 921 totam
201 892 286 921 illam
302 891 492 931 disciplinam
508 890 620 920 docuit.
640 890 689 919 De
703 899 738 919 eo
748 890 807 920 vid.
825 890 979 921 Demster.

90 933 195 963 Etrur.
213 934 320 974 Regal.
340 934 406 972 ΙΙΙ,
432 938 456 964 1.
480 934 534 963 ubi
556 933 647 962 etiam
670 932 707 962 de
728 933 793 971 ejus
815 933 910 971 libris,
927 935 982 975 qui

89 977 285 1007 Acherontici
300 977 393 1013 dicti3
418 983 446 1007 et
462 977 648 1006 Bonarotam
664 975 694 1004 in
712 975 852 1005 Addend.
872 977 889 1017 ἓ
910 978 958 1012 17.

137 1021 242 1057 Talna,
268 1019 334 1049 Att.
356 1021 384 1056 I,
408 1020 456 1049 16.
481 1019 577 1058 judex
594 1018 625 1047 in
646 1018 760 1057 judicio
776 1019 924 1049 Clodiano
941 1020 979 1051 de

87 1062 241 1103 religione,
268 1063 321 1103 qui
338 1062 481 1094 Clodium
499 1061 674 1092 absolverat.
700 1060 830 1092 Videtur
845 1072 907 1093 esse
922 1073 977 1093 no-

88 1115 157 1135 men
174 1106 291 1143 fictum,
310 1111 345 1136 ut
360 1112 476 1142 caetera,
499 1115 568 1145 quae
584 1104 626 1134 ibi
642 1110 722 1134 sunt.

136 1150 242 1187 Ταιιιιι,
259 1159 275 1179 e
289 1149 453 1179 Juventiis.
478 1149 544 1177 Att.
558 1146 660 1183 XIII,
678 1148 728 1177 29.
745 1147 865 1186 juvenis
880 1148 980 1188 philo-

85 1191 185 1231 logus,
209 1202 227 1222 a
248 1192 339 1222 Nicia
364 1190 562 1232 grammatico
587 1190 738 1219 laudatur.
768 1190 975 1229 Cornificiam,

89 1234 130 1271 Q.
146 1235 253 1271 filiam,
273 1235 357 1275 petit.
383 1234 496 1265 Melior
511 1233 659 1274 scriptura
682 1239 725 1263 est
745 1233 868 1271 Thalna,
885 1241 920 1264 ut
936 1240 981 1265 est

91 1276 124 1307 in
140 1277 165 1307 F
168 1284 222 1308 ast.
241 1277 372 1318 Capitol.

132 1321 275 1350 Tamisius
288 1288 442 1358 lplIustella,
466 1319 548 1350 Phil.
570 1318 616 1357 II,
632 1321 663 1350 4.
680 1317 762 1357 XII,
779 1319 808 1348 6.
825 1318 866 1350 V.
884 1320 978 1350 Mus-

95 1363 176 1394 tetta.

133 1406 283 1443 Tantalus,
307 1406 375 1436 Fin.
393 1405 420 1443 Ι,
442 1407 489 1436 15.
512 1405 605 1435 Tusc.
623 1403 650 1441 I,
670 1405 718 1434 15.
739 1403 798 1441 lV,
818 1405 867 1435 16.
881 1406 938 1435 &c.

135 1450 292 1486 Tanusius,
310 1449 400 1479 Petit.
417 1448 510 1479 Cous.
537 1450 567 1477 2.
584 1448 614 1477 in
638 1447 719 1478 bello
735 1447 862 1478 Sullano
884 1448 977 1478 inter-

89 1492 194 1522 fectus.
220 1492 378 1522 Palermus
402 1492 580 1530 conjiciebat
603 1490 768 1531 legendum
795 1491 975 1525 Tautasinu

89 1535 172 1576 quod
196 1535 356 1573 Asconius,
373 1535 451 1564 inter
467 1544 516 1564 eos
531 1543 606 1574 quos
621 1534 653 1563 in
674 1532 889 1574 proscriptione
904 1534 978 1564 Sul-

89 1578 160 1608 lana
174 1578 362 1608 interfecerat
382 1577 525 1614 Catilina,
544 1577 581 1606 L.
607 1576 789 1606 Tantasium
812 1576 977 1617 quemdam

89 1626 315 1652 commemorat.

133 1664 247 1694 Taraso.
263 1663 304 1694 V.
324 1663 460 1693 Τὴηναεο.

137 1707 384 1742 Ίὶινσοηάίηιοῑιιε,
409 1706 447 1736 ad
464 1706 534 1736 Div.
556 1706 632 1743 XV,
654 1709 678 1735 l.
702 1705 825 1746 regulus
850 1705 882 1735 in
898 1705 975 1746 qua-

88 1750 158 1780 dam
176 1749 292 1782 Ciliciae
306 1757 400 1791 parte,
415 1760 506 1790 quem
519 1749 623 1780 Cicero
639 1748 848 1779 fidelissimum
861 1748 975 1779 socium
