<?xml version="1.0" encoding="UTF-8"?>
<!DOCTYPE html PUBLIC "-//W3C//DTD XHTML 1.0 Transitional//EN"
    "http://www.w3.org/TR/xhtml1/DTD/xhtml1-transitional.dtd">
<html xmlns="http://www.w3.org/1999/xhtml" xml:lang="en" lang="en">
 <head>
  <title>
</title>
<meta http-equiv="Content-Type" content="text/html;charset=utf-8" />
  <meta name='ocr-system' content='tesseract 3.04.00' />
  <meta name='ocr-capabilities' content='ocr_page ocr_carea ocr_par ocr_line ocrx_word'/>
</head>
<body>
  <div class='ocr_page' id='page_1' title='image "./operaern12ciceuoft_0321.png"; bbox 0 0 1137 1848; ppageno 0'>
   <div class='ocr_carea' id='block_1_1' title="bbox 327 62 998 95">
    <p class='ocr_par' dir='ltr' id='par_1_1' title="bbox 327 62 998 95">
     <span class='ocr_line' id='line_1_1' title="bbox 327 62 998 95; baseline 0 -1"><span class='ocrx_word' id='word_1_1' title='bbox 327 62 476 95; x_wconf 84' lang='lat' dir='ltr'>INDEX</span> <span class='ocrx_word' id='word_1_2' title='bbox 499 62 786 95; x_wconf 89' lang='lat' dir='ltr'><strong>HISTORICUS.</strong></span> <span class='ocrx_word' id='word_1_3' title='bbox 935 63 998 94; x_wconf 81' lang='lat'>309</span> 
     </span>
    </p>
   </div>
   <div class='ocr_carea' id='block_1_2' title="bbox 113 147 1001 662">
    <p class='ocr_par' dir='ltr' id='par_1_2' title="bbox 113 147 999 222">
     <span class='ocr_line' id='line_1_2' title="bbox 113 147 999 189; baseline 0.002 -12"><span class='ocrx_word' id='word_1_4' title='bbox 113 147 271 178; x_wconf 81' lang='lat' dir='ltr'>dicendam</span> <span class='ocrx_word' id='word_1_5' title='bbox 283 154 421 180; x_wconf 87' lang='lat' dir='ltr'>evocatus</span> <span class='ocrx_word' id='word_1_6' title='bbox 435 155 520 180; x_wconf 84' lang='lat' dir='ltr'>esset.</span> <span class='ocrx_word' id='word_1_7' title='bbox 536 150 578 180; x_wconf 88' lang='lat' dir='ltr'>V.</span> <span class='ocrx_word' id='word_1_8' title='bbox 592 148 632 180; x_wconf 92' lang='lat' dir='ltr'>L.</span> <span class='ocrx_word' id='word_1_9' title='bbox 650 150 790 189; x_wconf 79' lang='lat' dir='ltr'>Opimius.</span> <span class='ocrx_word' id='word_1_10' title='bbox 809 149 878 180; x_wconf 87' lang='lat' dir='ltr'>Fin.</span> <span class='ocrx_word' id='word_1_11' title='bbox 891 149 934 187; x_wconf 93' lang='lat' dir='ltr'>V,</span> <span class='ocrx_word' id='word_1_12' title='bbox 947 151 999 179; x_wconf 76' lang='lat'>22.</span> 
     </span>
     <span class='ocr_line' id='line_1_3' title="bbox 116 193 570 222; baseline 0.004 -2"><span class='ocrx_word' id='word_1_13' title='bbox 116 196 161 220; x_wconf 79' lang='lat' dir='ltr'>est</span> <span class='ocrx_word' id='word_1_14' title='bbox 177 193 283 221; x_wconf 72' lang='lat' dir='ltr'>Pullus</span> <span class='ocrx_word' id='word_1_15' title='bbox 301 194 463 222; x_wconf 58' lang='lat' dir='ltr'>AVnmitor:</span> <span class='ocrx_word' id='word_1_16' title='bbox 480 193 570 222; x_wconf 81' lang='lat' dir='ltr'>male.</span> 
     </span>
    </p>

    <p class='ocr_par' dir='ltr' id='par_1_3' title="bbox 115 232 999 308">
     <span class='ocr_line' id='line_1_4' title="bbox 160 232 999 276; baseline 0.002 -14"><span class='ocrx_word' id='word_1_17' title='bbox 160 235 322 274; x_wconf 64' lang='lat' dir='ltr'>Asymphoe,</span> <span class='ocrx_word' id='word_1_18' title='bbox 347 235 459 266; x_wconf 85' lang='lat' dir='ltr'>Milon.</span> <span class='ocrx_word' id='word_1_19' title='bbox 484 236 536 271; x_wconf 78' lang='lat'><strong>27.</strong></span> <span class='ocrx_word' id='word_1_20' title='bbox 553 246 657 266; x_wconf 82' lang='lat' dir='ltr'>earum</span> <span class='ocrx_word' id='word_1_21' title='bbox 673 236 762 273; x_wconf 79' lang='lat' dir='ltr'>aedes,</span> <span class='ocrx_word' id='word_1_22' title='bbox 781 235 813 266; x_wconf 92' lang='lat' dir='ltr'>in</span> <span class='ocrx_word' id='word_1_23' title='bbox 829 232 890 276; x_wconf 58' lang='lat' dir='ltr'>qu&amp;</span> <span class='ocrx_word' id='word_1_24' title='bbox 913 240 999 264; x_wconf 88' lang='lat' dir='ltr'>erant</span> 
     </span>
     <span class='ocr_line' id='line_1_5' title="bbox 115 277 390 308; baseline 0.004 -3"><span class='ocrx_word' id='word_1_25' title='bbox 115 277 227 306; x_wconf 82' lang='lat' dir='ltr'>tabulae</span> <span class='ocrx_word' id='word_1_26' title='bbox 242 278 390 308; x_wconf 85' lang='lat' dir='ltr'>eensoriae.</span> 
     </span>
    </p>

    <p class='ocr_par' dir='ltr' id='par_1_4' title="bbox 159 320 804 362">
     <span class='ocr_line' id='line_1_6' title="bbox 159 320 804 362; baseline 0.002 -13"><span class='ocrx_word' id='word_1_27' title='bbox 159 320 309 359; x_wconf 73' lang='lat' dir='ltr'>Nympho,</span> <span class='ocrx_word' id='word_1_28' title='bbox 326 321 413 351; x_wconf 84' lang='lat' dir='ltr'>Verr.</span> <span class='ocrx_word' id='word_1_29' title='bbox 430 320 490 358; x_wconf 86' lang='lat' dir='ltr'>IV,</span> <span class='ocrx_word' id='word_1_30' title='bbox 507 324 558 353; x_wconf 76' lang='lat'><strong>21.</strong></span> <span class='ocrx_word' id='word_1_31' title='bbox 577 320 804 362; x_wconf 84' lang='lat' dir='ltr'><strong>Centuripinus.</strong></span> 
     </span>
    </p>

    <p class='ocr_par' dir='ltr' id='par_1_5' title="bbox 119 363 1000 447">
     <span class='ocr_line' id='line_1_7' title="bbox 160 363 1000 405; baseline 0 -13"><span class='ocrx_word' id='word_1_32' title='bbox 160 363 202 392; x_wconf 94' lang='lat' dir='ltr'><em>N</em></span> <span class='ocrx_word' id='word_1_33' title='bbox 196 364 312 402; x_wconf 72' lang='lat' dir='ltr'>ymphu,</span> <span class='ocrx_word' id='word_1_34' title='bbox 334 364 551 405; x_wconf 82' lang='lat' dir='ltr'>Colophonius,</span> <span class='ocrx_word' id='word_1_35' title='bbox 573 365 611 394; x_wconf 87' lang='lat' dir='ltr'>ad</span> <span class='ocrx_word' id='word_1_36' title='bbox 627 365 667 402; x_wconf 84' lang='lat' dir='ltr'>Q.</span> <span class='ocrx_word' id='word_1_37' title='bbox 691 365 742 394; x_wconf 77' lang='lat' dir='ltr'><strong>Fr.</strong></span> <span class='ocrx_word' id='word_1_38' title='bbox 761 363 788 399; x_wconf 85' lang='lat' dir='ltr'>I,</span> <span class='ocrx_word' id='word_1_39' title='bbox 813 368 841 394; x_wconf 81' lang='lat'>2.</span> <span class='ocrx_word' id='word_1_40' title='bbox 859 366 889 393; x_wconf 80' lang='lat'>2.</span> <span class='ocrx_word' id='word_1_41' title='bbox 905 363 943 393; x_wconf 88' lang='lat' dir='ltr'>de</span> <span class='ocrx_word' id='word_1_42' title='bbox 958 363 1000 401; x_wconf 86' lang='lat' dir='ltr'>Q.</span> 
     </span>
     <span class='ocr_line' id='line_1_8' title="bbox 119 403 422 447; baseline 0.01 -14"><span class='ocrx_word' id='word_1_43' title='bbox 119 403 262 435; x_wconf 84' lang='lat' dir='ltr'>Cicerone</span> <span class='ocrx_word' id='word_1_44' title='bbox 277 407 422 447; x_wconf 86' lang='lat' dir='ltr'>queritur.</span> 
     </span>
    </p>

    <p class='ocr_par' dir='ltr' id='par_1_6' title="bbox 159 448 881 490">
     <span class='ocr_line' id='line_1_9' title="bbox 159 448 881 490; baseline 0.003 -12"><span class='ocrx_word' id='word_1_45' title='bbox 159 449 397 487; x_wconf 68' lang='lat' dir='ltr'>Nymphodorus,</span> <span class='ocrx_word' id='word_1_46' title='bbox 422 450 509 479; x_wconf 83' lang='lat' dir='ltr'>Verr.</span> <span class='ocrx_word' id='word_1_47' title='bbox 526 450 567 487; x_wconf 88' lang='lat' dir='ltr'>V,</span> <span class='ocrx_word' id='word_1_48' title='bbox 585 453 636 480; x_wconf 79' lang='lat'><strong>22.</strong></span> <span class='ocrx_word' id='word_1_49' title='bbox 652 448 881 490; x_wconf 79' lang='lat' dir='ltr'>Agrigentinus.</span> 
     </span>
    </p>

    <p class='ocr_par' dir='ltr' id='par_1_7' title="bbox 160 492 903 532">
     <span class='ocr_line' id='line_1_10' title="bbox 160 492 903 532; baseline 0.001 -12"><span class='ocrx_word' id='word_1_50' title='bbox 160 492 401 531; x_wconf 74' lang='lat' dir='ltr'>Nymphodorus,</span> <span class='ocrx_word' id='word_1_51' title='bbox 418 493 506 522; x_wconf 80' lang='lat' dir='ltr'>Verr.</span> <span class='ocrx_word' id='word_1_52' title='bbox 528 493 588 530; x_wconf 89' lang='lat' dir='ltr'>IV,</span> <span class='ocrx_word' id='word_1_53' title='bbox 606 497 656 524; x_wconf 75' lang='lat'><strong>⁴23.</strong></span> <span class='ocrx_word' id='word_1_54' title='bbox 675 493 903 532; x_wconf 85' lang='lat' dir='ltr'>Centuripinus.</span> 
     </span>
    </p>

    <p class='ocr_par' dir='ltr' id='par_1_8' title="bbox 161 534 905 573">
     <span class='ocr_line' id='line_1_11' title="bbox 161 534 905 573; baseline 0 -9"><span class='ocrx_word' id='word_1_55' title='bbox 161 534 259 573; x_wconf 74' lang='lat' dir='ltr'>Nysa,</span> <span class='ocrx_word' id='word_1_56' title='bbox 284 535 327 565; x_wconf 87' lang='lat' dir='ltr'>N.</span> <span class='ocrx_word' id='word_1_57' title='bbox 344 535 384 564; x_wconf 92' lang='lat' dir='ltr'>D.</span> <span class='ocrx_word' id='word_1_58' title='bbox 403 534 467 572; x_wconf 73' lang='grc' dir='ltr'>ΙΙΙ,</span> <span class='ocrx_word' id='word_1_59' title='bbox 485 539 535 565; x_wconf 74' lang='lat'><strong>23.</strong></span> <span class='ocrx_word' id='word_1_60' title='bbox 552 546 570 565; x_wconf 92' lang='lat' dir='ltr'>a</span> <span class='ocrx_word' id='word_1_61' title='bbox 584 536 704 566; x_wconf 83' lang='lat' dir='ltr'>Baccho</span> <span class='ocrx_word' id='word_1_62' title='bbox 719 535 905 565; x_wconf 86' lang='lat' dir='ltr'>interficitur.</span> 
     </span>
    </p>

    <p class='ocr_par' dir='ltr' id='par_1_9' title="bbox 119 577 1001 662">
     <span class='ocr_line' id='line_1_12' title="bbox 162 577 1001 619; baseline 0.004 -14"><span class='ocrx_word' id='word_1_63' title='bbox 162 578 289 616; x_wconf 55' lang='lat' dir='ltr'>IVyains,</span> <span class='ocrx_word' id='word_1_64' title='bbox 313 578 412 608; x_wconf 86' lang='lat' dir='ltr'>Flacc.</span> <span class='ocrx_word' id='word_1_65' title='bbox 431 582 482 608; x_wconf 75' lang='grc'><strong>25.</strong></span> <span class='ocrx_word' id='word_1_66' title='bbox 498 589 664 619; x_wconf 82' lang='lat' dir='ltr'>cognomen</span> <span class='ocrx_word' id='word_1_67' title='bbox 685 578 820 609; x_wconf 81' lang='lat' dir='ltr'>Bacchi:</span> <span class='ocrx_word' id='word_1_68' title='bbox 845 577 897 608; x_wconf 86' lang='lat' dir='ltr'>sed</span> <span class='ocrx_word' id='word_1_69' title='bbox 913 578 1001 608; x_wconf 87' lang='lat' dir='ltr'>Grae-</span> 
     </span>
     <span class='ocr_line' id='line_1_13' title="bbox 119 618 485 662; baseline 0.005 -13"><span class='ocrx_word' id='word_1_70' title='bbox 119 618 208 650; x_wconf 82' lang='lat' dir='ltr'>viana</span> <span class='ocrx_word' id='word_1_71' title='bbox 222 619 312 651; x_wconf 87' lang='lat' dir='ltr'>habet</span> <span class='ocrx_word' id='word_1_72' title='bbox 326 622 408 651; x_wconf 79' lang='lat' dir='ltr'>Dion</span> <span class='ocrx_word' id='word_1_73' title='bbox 410 632 485 662; x_wconf 74' lang='lat' dir='ltr'>ysus.</span> 
     </span>
    </p>
   </div>
   <div class='ocr_carea' id='block_1_3' title="bbox 541 707 583 740">
    <p class='ocr_par' dir='ltr' id='par_1_10' title="bbox 541 707 583 740">
     <span class='ocr_line' id='line_1_14' title="bbox 541 707 583 740; baseline 0.024 -1"><span class='ocrx_word' id='word_1_74' title='bbox 541 707 583 740; x_wconf 88' lang='lat' dir='ltr'>O.</span> 
     </span>
    </p>
   </div>
   <div class='ocr_carea' id='block_1_4' title="bbox 123 793 1013 1777">
    <p class='ocr_par' dir='ltr' id='par_1_11' title="bbox 126 793 1004 867">
     <span class='ocr_line' id='line_1_15' title="bbox 166 793 1004 833; baseline 0.002 -11"><span class='ocrx_word' id='word_1_75' title='bbox 166 794 246 822; x_wconf 73' lang='lat' dir='ltr'><strong>Serv.</strong></span> <span class='ocrx_word' id='word_1_76' title='bbox 265 793 374 833; x_wconf 80' lang='lat' dir='ltr'>Ocella,</span> <span class='ocrx_word' id='word_1_77' title='bbox 397 793 435 824; x_wconf 86' lang='lat' dir='ltr'>ad</span> <span class='ocrx_word' id='word_1_78' title='bbox 455 793 529 825; x_wconf 81' lang='lat' dir='ltr'><strong>Div.</strong></span> <span class='ocrx_word' id='word_1_79' title='bbox 554 794 600 833; x_wconf 91' lang='lat' dir='ltr'>II,</span> <span class='ocrx_word' id='word_1_80' title='bbox 628 796 677 826; x_wconf 88' lang='lat'>15.</span> <span class='ocrx_word' id='word_1_81' title='bbox 701 793 801 833; x_wconf 83' lang='lat' dir='ltr'>VIII,</span> <span class='ocrx_word' id='word_1_82' title='bbox 825 794 855 829; x_wconf 89' lang='grc'>7.</span> <span class='ocrx_word' id='word_1_83' title='bbox 873 793 941 824; x_wconf 87' lang='lat' dir='ltr'>Att.</span> <span class='ocrx_word' id='word_1_84' title='bbox 959 793 1004 831; x_wconf 88' lang='lat' dir='ltr'>X,</span> 
     </span>
     <span class='ocr_line' id='line_1_16' title="bbox 126 837 286 867; baseline 0.019 -3"><span class='ocrx_word' id='word_1_85' title='bbox 126 837 175 866; x_wconf 89' lang='lat'>13.</span> <span class='ocrx_word' id='word_1_86' title='bbox 191 841 221 865; x_wconf 90' lang='lat' dir='ltr'>et</span> <span class='ocrx_word' id='word_1_87' title='bbox 239 837 286 867; x_wconf 89' lang='grc'>16.</span> 
     </span>
    </p>

    <p class='ocr_par' dir='ltr' id='par_1_12' title="bbox 124 878 1007 1090">
     <span class='ocr_line' id='line_1_17' title="bbox 169 878 1007 917; baseline 0.001 -10"><span class='ocrx_word' id='word_1_88' title='bbox 169 878 355 917; x_wconf 73' lang='lat' dir='ltr'>Octavianus,</span> <span class='ocrx_word' id='word_1_89' title='bbox 378 880 416 910; x_wconf 87' lang='lat' dir='ltr'>ad</span> <span class='ocrx_word' id='word_1_90' title='bbox 432 880 502 910; x_wconf 88' lang='lat' dir='ltr'><strong>Div.</strong></span> <span class='ocrx_word' id='word_1_91' title='bbox 520 881 563 917; x_wconf 84' lang='lat' dir='ltr'>X,</span> <span class='ocrx_word' id='word_1_92' title='bbox 581 882 632 911; x_wconf 83' lang='lat'><strong>33.</strong></span> <span class='ocrx_word' id='word_1_93' title='bbox 656 881 724 911; x_wconf 90' lang='lat' dir='ltr'>Att.</span> <span class='ocrx_word' id='word_1_94' title='bbox 740 879 816 917; x_wconf 91' lang='lat' dir='ltr'>XV,</span> <span class='ocrx_word' id='word_1_95' title='bbox 838 881 885 909; x_wconf 81' lang='lat'><strong>12.</strong></span> <span class='ocrx_word' id='word_1_96' title='bbox 908 879 1007 915; x_wconf 81' lang='lat' dir='ltr'>XVI,</span> 
     </span>
     <span class='ocr_line' id='line_1_18' title="bbox 124 921 1006 963; baseline 0.001 -13"><span class='ocrx_word' id='word_1_97' title='bbox 124 923 154 950; x_wconf 90' lang='grc'>8.</span> <span class='ocrx_word' id='word_1_98' title='bbox 174 924 222 950; x_wconf 90' lang='lat' dir='ltr'>ll.</span> <span class='ocrx_word' id='word_1_99' title='bbox 244 924 290 952; x_wconf 79' lang='lat'><strong>14.</strong></span> <span class='ocrx_word' id='word_1_100' title='bbox 313 928 356 952; x_wconf 86' lang='lat' dir='ltr'>est</span> <span class='ocrx_word' id='word_1_101' title='bbox 374 922 410 954; x_wconf 85' lang='lat' dir='ltr'><strong>C.</strong></span> <span class='ocrx_word' id='word_1_102' title='bbox 432 923 552 954; x_wconf 83' lang='lat' dir='ltr'>Octavii</span> <span class='ocrx_word' id='word_1_103' title='bbox 568 923 756 954; x_wconf 77' lang='lat' dir='ltr'>Macedoniae</span> <span class='ocrx_word' id='word_1_104' title='bbox 776 922 910 963; x_wconf 78' lang='lat' dir='ltr'>praetoris</span> <span class='ocrx_word' id='word_1_105' title='bbox 924 921 1006 951; x_wconf 84' lang='lat' dir='ltr'>filius</span> 
     </span>
     <span class='ocr_line' id='line_1_19' title="bbox 125 963 1006 1007; baseline 0.001 -14"><span class='ocrx_word' id='word_1_106' title='bbox 125 965 282 1002; x_wconf 83' lang='lat' dir='ltr'>naturalis,</span> <span class='ocrx_word' id='word_1_107' title='bbox 299 972 366 1006; x_wconf 86' lang='lat' dir='ltr'>post</span> <span class='ocrx_word' id='word_1_108' title='bbox 390 966 577 997; x_wconf 81' lang='lat' dir='ltr'>Octavianus</span> <span class='ocrx_word' id='word_1_109' title='bbox 592 967 772 1007; x_wconf 77' lang='lat' dir='ltr'>appellatu5‚</span> <span class='ocrx_word' id='word_1_110' title='bbox 789 975 858 995; x_wconf 88' lang='lat' dir='ltr'>cum</span> <span class='ocrx_word' id='word_1_111' title='bbox 875 975 946 994; x_wconf 91' lang='lat' dir='ltr'>eum</span> <span class='ocrx_word' id='word_1_112' title='bbox 967 963 1006 995; x_wconf 92' lang='lat' dir='ltr'><strong>C.</strong></span> 
     </span>
     <span class='ocr_line' id='line_1_20' title="bbox 124 1007 1006 1048; baseline -0.001 -11"><span class='ocrx_word' id='word_1_113' title='bbox 124 1007 228 1037; x_wconf 72' lang='lat' dir='ltr'>Caesar</span> <span class='ocrx_word' id='word_1_114' title='bbox 242 1008 420 1048; x_wconf 50' lang='lat' dir='ltr'>adoptasset.</span> <span class='ocrx_word' id='word_1_115' title='bbox 444 1009 565 1039; x_wconf 86' lang='lat' dir='ltr'>Dicitur</span> <span class='ocrx_word' id='word_1_116' title='bbox 580 1011 671 1039; x_wconf 84' lang='lat' dir='ltr'>etiam</span> <span class='ocrx_word' id='word_1_117' title='bbox 686 1008 839 1039; x_wconf 87' lang='lat' dir='ltr'>interdum</span> <span class='ocrx_word' id='word_1_118' title='bbox 857 1008 1006 1045; x_wconf 61' lang='lat' dir='ltr'>Octavius,</span> 
     </span>
     <span class='ocr_line' id='line_1_21' title="bbox 124 1050 870 1090; baseline 0 -11"><span class='ocrx_word' id='word_1_119' title='bbox 124 1056 159 1080; x_wconf 90' lang='lat' dir='ltr'>ut</span> <span class='ocrx_word' id='word_1_120' title='bbox 173 1050 211 1079; x_wconf 86' lang='lat' dir='ltr'>ad</span> <span class='ocrx_word' id='word_1_121' title='bbox 226 1050 299 1081; x_wconf 89' lang='lat' dir='ltr'><strong>Div.</strong></span> <span class='ocrx_word' id='word_1_122' title='bbox 314 1051 414 1090; x_wconf 83' lang='lat' dir='ltr'>XVI,</span> <span class='ocrx_word' id='word_1_123' title='bbox 432 1054 482 1082; x_wconf 83' lang='lat'><strong>24.</strong></span> <span class='ocrx_word' id='word_1_124' title='bbox 500 1052 540 1082; x_wconf 91' lang='lat' dir='ltr'>V.</span> <span class='ocrx_word' id='word_1_125' title='bbox 560 1054 591 1083; x_wconf 89' lang='lat' dir='ltr'><strong>C.</strong></span> <span class='ocrx_word' id='word_1_126' title='bbox 611 1054 709 1083; x_wconf 73' lang='lat' dir='ltr'>Caesar</span> <span class='ocrx_word' id='word_1_127' title='bbox 726 1052 870 1082; x_wconf 75' lang='lat' dir='ltr'>Octavius.</span> 
     </span>
    </p>

    <p class='ocr_par' dir='ltr' id='par_1_13' title="bbox 123 1094 1012 1606">
     <span class='ocr_line' id='line_1_22' title="bbox 169 1094 1010 1135; baseline -0.001 -12"><span class='ocrx_word' id='word_1_128' title='bbox 169 1095 224 1123; x_wconf 70' lang='lat' dir='ltr'><strong>Cn.</strong></span> <span class='ocrx_word' id='word_1_129' title='bbox 246 1094 391 1133; x_wconf 68' lang='lat' dir='ltr'>Octavius,</span> <span class='ocrx_word' id='word_1_130' title='bbox 415 1096 472 1125; x_wconf 90' lang='lat' dir='ltr'><strong>Cn.</strong></span> <span class='ocrx_word' id='word_1_131' title='bbox 498 1095 533 1125; x_wconf 82' lang='lat' dir='ltr'>F.</span> <span class='ocrx_word' id='word_1_132' title='bbox 554 1095 617 1126; x_wconf 84' lang='lat' dir='ltr'><strong>Off.</strong></span> <span class='ocrx_word' id='word_1_133' title='bbox 643 1097 669 1131; x_wconf 69' lang='lat'>³,</span> <span class='ocrx_word' id='word_1_134' title='bbox 695 1096 745 1125; x_wconf 73' lang='lat'><strong>39.</strong></span> <span class='ocrx_word' id='word_1_135' title='bbox 763 1094 907 1135; x_wconf 83' lang='lat' dir='ltr'>quoniam</span> <span class='ocrx_word' id='word_1_136' title='bbox 930 1103 1010 1133; x_wconf 86' lang='lat' dir='ltr'>prae-</span> 
     </span>
     <span class='ocr_line' id='line_1_23' title="bbox 123 1135 1009 1173; baseline -0.001 -8"><span class='ocrx_word' id='word_1_137' title='bbox 123 1135 235 1166; x_wconf 83' lang='lat' dir='ltr'>claram</span> <span class='ocrx_word' id='word_1_138' title='bbox 251 1137 413 1168; x_wconf 57' lang='lat' dir='ltr'>aedificarat</span> <span class='ocrx_word' id='word_1_139' title='bbox 432 1138 463 1168; x_wconf 91' lang='lat' dir='ltr'>in</span> <span class='ocrx_word' id='word_1_140' title='bbox 480 1138 601 1168; x_wconf 76' lang='lat' dir='ltr'>Palatio</span> <span class='ocrx_word' id='word_1_141' title='bbox 616 1138 754 1173; x_wconf 85' lang='lat' dir='ltr'>domum,</span> <span class='ocrx_word' id='word_1_142' title='bbox 778 1137 922 1166; x_wconf 85' lang='lat' dir='ltr'>honorem</span> <span class='ocrx_word' id='word_1_143' title='bbox 938 1145 1009 1166; x_wconf 82' lang='lat' dir='ltr'>oon-</span> 
     </span>
     <span class='ocr_line' id='line_1_24' title="bbox 124 1178 1008 1221; baseline -0.001 -13"><span class='ocrx_word' id='word_1_144' title='bbox 124 1186 244 1209; x_wconf 82' lang='lat' dir='ltr'>secutus</span> <span class='ocrx_word' id='word_1_145' title='bbox 259 1186 312 1209; x_wconf 82' lang='lat' dir='ltr'>est.</span> <span class='ocrx_word' id='word_1_146' title='bbox 328 1180 402 1210; x_wconf 90' lang='lat' dir='ltr'>ibid.</span> <span class='ocrx_word' id='word_1_147' title='bbox 418 1181 535 1221; x_wconf 83' lang='lat' dir='ltr'>primus</span> <span class='ocrx_word' id='word_1_148' title='bbox 550 1192 587 1211; x_wconf 87' lang='lat' dir='ltr'>ex</span> <span class='ocrx_word' id='word_1_149' title='bbox 603 1180 637 1211; x_wconf 73' lang='grc' dir='ltr'>εέι</span> <span class='ocrx_word' id='word_1_150' title='bbox 652 1179 768 1210; x_wconf 64' lang='lat' dir='ltr'>familia</span> <span class='ocrx_word' id='word_1_151' title='bbox 788 1179 901 1209; x_wconf 85' lang='lat' dir='ltr'>consul.</span> <span class='ocrx_word' id='word_1_152' title='bbox 926 1178 1008 1208; x_wconf 86' lang='lat' dir='ltr'><strong>Phil.</strong></span> 
     </span>
     <span class='ocr_line' id='line_1_25' title="bbox 124 1220 1008 1264; baseline -0.001 -13"><span class='ocrx_word' id='word_1_153' title='bbox 124 1221 187 1259; x_wconf 75' lang='lat' dir='ltr'>LX,</span> <span class='ocrx_word' id='word_1_154' title='bbox 205 1224 234 1251; x_wconf 83' lang='lat'>2.</span> <span class='ocrx_word' id='word_1_155' title='bbox 250 1222 342 1252; x_wconf 91' lang='lat' dir='ltr'>homo</span> <span class='ocrx_word' id='word_1_156' title='bbox 357 1233 462 1254; x_wconf 80' lang='lat' dir='ltr'>novus.</span> <span class='ocrx_word' id='word_1_157' title='bbox 478 1224 509 1253; x_wconf 83' lang='lat' dir='ltr'>in</span> <span class='ocrx_word' id='word_1_158' title='bbox 525 1224 673 1264; x_wconf 79' lang='lat' dir='ltr'>legatione</span> <span class='ocrx_word' id='word_1_159' title='bbox 688 1223 726 1253; x_wconf 88' lang='lat' dir='ltr'>ad</span> <span class='ocrx_word' id='word_1_160' title='bbox 741 1228 881 1262; x_wconf 80' lang='lat' dir='ltr'>nepotem</span> <span class='ocrx_word' id='word_1_161' title='bbox 897 1220 1008 1251; x_wconf 81' lang='lat' dir='ltr'>Antio-</span> 
     </span>
     <span class='ocr_line' id='line_1_26' title="bbox 124 1263 1007 1307; baseline 0 -14"><span class='ocrx_word' id='word_1_162' title='bbox 124 1263 172 1294; x_wconf 90' lang='lat' dir='ltr'>chi</span> <span class='ocrx_word' id='word_1_163' title='bbox 187 1264 276 1305; x_wconf 84' lang='lat' dir='ltr'>regis,</span> <span class='ocrx_word' id='word_1_164' title='bbox 297 1276 316 1295; x_wconf 85' lang='lat' dir='ltr'><strong>a</strong></span> <span class='ocrx_word' id='word_1_165' title='bbox 330 1265 460 1306; x_wconf 82' lang='lat' dir='ltr'>Leptine</span> <span class='ocrx_word' id='word_1_166' title='bbox 481 1267 612 1307; x_wconf 83' lang='lat' dir='ltr'>quodam</span> <span class='ocrx_word' id='word_1_167' title='bbox 634 1266 791 1296; x_wconf 85' lang='lat' dir='ltr'>Laodiceae</span> <span class='ocrx_word' id='word_1_168' title='bbox 810 1264 1007 1294; x_wconf 87' lang='lat' dir='ltr'>interficitur:</span> 
     </span>
     <span class='ocr_line' id='line_1_27' title="bbox 124 1306 1008 1349; baseline -0.001 -13"><span class='ocrx_word' id='word_1_169' title='bbox 124 1306 212 1347; x_wconf 89' lang='lat' dir='ltr'>eique</span> <span class='ocrx_word' id='word_1_170' title='bbox 227 1314 383 1348; x_wconf 83' lang='lat' dir='ltr'>propterea</span> <span class='ocrx_word' id='word_1_171' title='bbox 398 1315 496 1339; x_wconf 78' lang='lat' dir='ltr'>statua</span> <span class='ocrx_word' id='word_1_172' title='bbox 513 1309 545 1338; x_wconf 87' lang='lat' dir='ltr'>in</span> <span class='ocrx_word' id='word_1_173' title='bbox 567 1309 684 1339; x_wconf 75' lang='lat' dir='ltr'>Rostris</span> <span class='ocrx_word' id='word_1_174' title='bbox 699 1309 804 1349; x_wconf 86' lang='lat' dir='ltr'>posita.</span> <span class='ocrx_word' id='word_1_175' title='bbox 828 1306 910 1336; x_wconf 89' lang='lat' dir='ltr'><strong>Add.</strong></span> <span class='ocrx_word' id='word_1_176' title='bbox 927 1306 1008 1336; x_wconf 89' lang='lat' dir='ltr'>Plin.</span> 
     </span>
     <span class='ocr_line' id='line_1_28' title="bbox 123 1348 1008 1391; baseline -0.001 -12"><span class='ocrx_word' id='word_1_177' title='bbox 123 1349 288 1388; x_wconf 77' lang='lat' dir='ltr'>XXXIV,</span> <span class='ocrx_word' id='word_1_178' title='bbox 305 1352 334 1380; x_wconf 83' lang='lat'>6.</span> <span class='ocrx_word' id='word_1_179' title='bbox 351 1351 404 1391; x_wconf 90' lang='lat' dir='ltr'>qui</span> <span class='ocrx_word' id='word_1_180' title='bbox 420 1358 520 1381; x_wconf 86' lang='lat' dir='ltr'>tamen</span> <span class='ocrx_word' id='word_1_181' title='bbox 536 1352 651 1382; x_wconf 78' lang='lat' dir='ltr'>factum</span> <span class='ocrx_word' id='word_1_182' title='bbox 668 1351 802 1391; x_wconf 83' lang='lat' dir='ltr'>Popillii,</span> <span class='ocrx_word' id='word_1_183' title='bbox 820 1348 1008 1379; x_wconf 89' lang='lat' dir='ltr'>Antiochum</span> 
     </span>
     <span class='ocr_line' id='line_1_29' title="bbox 125 1392 1010 1433; baseline 0 -12"><span class='ocrx_word' id='word_1_184' title='bbox 125 1392 174 1422; x_wconf 82' lang='lat' dir='ltr'>M.</span> <span class='ocrx_word' id='word_1_185' title='bbox 188 1393 272 1432; x_wconf 57' lang='lat' dir='ltr'>w&#39;rgai</span> <span class='ocrx_word' id='word_1_186' title='bbox 288 1393 568 1431; x_wconf 85' lang='lat' dir='ltr'>circumscribentis,</span> <span class='ocrx_word' id='word_1_187' title='bbox 585 1405 654 1424; x_wconf 89' lang='lat' dir='ltr'>cum</span> <span class='ocrx_word' id='word_1_188' title='bbox 670 1394 761 1433; x_wconf 86' lang='lat' dir='ltr'>hujus</span> <span class='ocrx_word' id='word_1_189' title='bbox 776 1393 924 1433; x_wconf 86' lang='lat' dir='ltr'>legatione</span> <span class='ocrx_word' id='word_1_190' title='bbox 939 1401 1010 1422; x_wconf 90' lang='lat' dir='ltr'>con-</span> 
     </span>
     <span class='ocr_line' id='line_1_30' title="bbox 125 1434 1008 1472; baseline -0.001 -8"><span class='ocrx_word' id='word_1_191' title='bbox 125 1435 238 1472; x_wconf 88' lang='lat' dir='ltr'>fundit,</span> <span class='ocrx_word' id='word_1_192' title='bbox 260 1435 371 1466; x_wconf 87' lang='lat' dir='ltr'>frustra</span> <span class='ocrx_word' id='word_1_193' title='bbox 390 1437 567 1467; x_wconf 82' lang='lat' dir='ltr'>defendente</span> <span class='ocrx_word' id='word_1_194' title='bbox 592 1437 689 1467; x_wconf 84' lang='lat' dir='ltr'><strong>Ha-rd.</strong></span> <span class='ocrx_word' id='word_1_195' title='bbox 702 1447 739 1467; x_wconf 84' lang='lat' dir='ltr'>ex</span> <span class='ocrx_word' id='word_1_196' title='bbox 754 1437 784 1466; x_wconf 92' lang='lat' dir='ltr'>h.</span> <span class='ocrx_word' id='word_1_197' title='bbox 800 1437 821 1466; x_wconf 95' lang='lat' dir='ltr'><strong>l.</strong></span> <span class='ocrx_word' id='word_1_198' title='bbox 846 1434 1008 1465; x_wconf 86' lang='lat' dir='ltr'>Ciceronis.</span> 
     </span>
     <span class='ocr_line' id='line_1_31' title="bbox 125 1477 1012 1517; baseline -0.001 -10"><span class='ocrx_word' id='word_1_199' title='bbox 125 1478 195 1508; x_wconf 84' lang='lat' dir='ltr'>Fin.</span> <span class='ocrx_word' id='word_1_200' title='bbox 222 1477 249 1517; x_wconf 88' lang='lat' dir='ltr'>I,</span> <span class='ocrx_word' id='word_1_201' title='bbox 275 1480 305 1514; x_wconf 86' lang='lat'>7.</span> <span class='ocrx_word' id='word_1_202' title='bbox 329 1480 434 1509; x_wconf 87' lang='lat' dir='ltr'>consul</span> <span class='ocrx_word' id='word_1_203' title='bbox 458 1480 512 1514; x_wconf 69' lang='lat' dir='ltr'>(A.</span> <span class='ocrx_word' id='word_1_204' title='bbox 534 1481 609 1517; x_wconf 77' lang='lat'>583)</span> <span class='ocrx_word' id='word_1_205' title='bbox 631 1490 700 1510; x_wconf 88' lang='lat' dir='ltr'>cum</span> <span class='ocrx_word' id='word_1_206' title='bbox 723 1479 762 1508; x_wconf 85' lang='lat' dir='ltr'>L.</span> <span class='ocrx_word' id='word_1_207' title='bbox 786 1478 907 1508; x_wconf 82' lang='lat' dir='ltr'>Manlio</span> <span class='ocrx_word' id='word_1_208' title='bbox 928 1477 1012 1507; x_wconf 83' lang='lat' dir='ltr'>Tor-</span> 
     </span>
     <span class='ocr_line' id='line_1_32' title="bbox 127 1521 1007 1562; baseline -0.002 -11"><span class='ocrx_word' id='word_1_209' title='bbox 127 1527 230 1561; x_wconf 89' lang='lat' dir='ltr'>quato,</span> <span class='ocrx_word' id='word_1_210' title='bbox 261 1532 379 1552; x_wconf 85' lang='lat' dir='ltr'>severus</span> <span class='ocrx_word' id='word_1_211' title='bbox 408 1522 439 1552; x_wconf 91' lang='lat' dir='ltr'>in</span> <span class='ocrx_word' id='word_1_212' title='bbox 469 1523 579 1560; x_wconf 82' lang='lat' dir='ltr'>filium,</span> <span class='ocrx_word' id='word_1_213' title='bbox 610 1521 799 1552; x_wconf 87' lang='lat' dir='ltr'>Macedoniae</span> <span class='ocrx_word' id='word_1_214' title='bbox 827 1526 986 1562; x_wconf 85' lang='lat' dir='ltr'>praetorem</span> <span class='ocrx_word' id='word_1_215' title='bbox 997 1531 1007 1550; x_wconf 70' lang='grc' dir='ltr'><strong>ε</strong></span> 
     </span>
     <span class='ocr_line' id='line_1_33' title="bbox 128 1564 752 1606; baseline 0.002 -13"><span class='ocrx_word' id='word_1_216' title='bbox 128 1564 210 1597; x_wconf 83' lang='lat' dir='ltr'>filius</span> <span class='ocrx_word' id='word_1_217' title='bbox 226 1564 266 1594; x_wconf 91' lang='lat' dir='ltr'><strong>D.</strong></span> <span class='ocrx_word' id='word_1_218' title='bbox 284 1565 387 1595; x_wconf 86' lang='lat' dir='ltr'>Silano</span> <span class='ocrx_word' id='word_1_219' title='bbox 402 1566 434 1595; x_wconf 94' lang='lat' dir='ltr'>in</span> <span class='ocrx_word' id='word_1_220' title='bbox 449 1565 640 1606; x_wconf 83' lang='lat' dir='ltr'>adoptionem</span> <span class='ocrx_word' id='word_1_221' title='bbox 656 1565 752 1595; x_wconf 86' lang='lat' dir='ltr'>datus.</span> 
     </span>
    </p>

    <p class='ocr_par' dir='ltr' id='par_1_14' title="bbox 131 1605 1012 1733">
     <span class='ocr_line' id='line_1_34' title="bbox 173 1605 1012 1645; baseline -0.002 -8"><span class='ocrx_word' id='word_1_222' title='bbox 173 1608 229 1637; x_wconf 78' lang='lat' dir='ltr'><strong>Cn.</strong></span> <span class='ocrx_word' id='word_1_223' title='bbox 246 1608 393 1645; x_wconf 75' lang='lat' dir='ltr'>Octavius,</span> <span class='ocrx_word' id='word_1_224' title='bbox 419 1608 467 1637; x_wconf 85' lang='lat' dir='ltr'>M.</span> <span class='ocrx_word' id='word_1_225' title='bbox 492 1609 528 1638; x_wconf 90' lang='lat' dir='ltr'>F.</span> <span class='ocrx_word' id='word_1_226' title='bbox 546 1607 603 1639; x_wconf 91' lang='lat' dir='ltr'><strong>Cn.</strong></span> <span class='ocrx_word' id='word_1_227' title='bbox 627 1608 670 1638; x_wconf 87' lang='lat' dir='ltr'>N.</span> <span class='ocrx_word' id='word_1_228' title='bbox 689 1608 778 1638; x_wconf 87' lang='lat' dir='ltr'>Brut.</span> <span class='ocrx_word' id='word_1_229' title='bbox 794 1607 846 1637; x_wconf 78' lang='lat'><strong>62.</strong></span> <span class='ocrx_word' id='word_1_230' title='bbox 868 1616 886 1636; x_wconf 83' lang='lat' dir='ltr'><strong>a</strong></span> <span class='ocrx_word' id='word_1_231' title='bbox 900 1605 1012 1635; x_wconf 86' lang='lat' dir='ltr'>forensi</span> 
     </span>
     <span class='ocr_line' id='line_1_35' title="bbox 131 1648 1010 1690; baseline -0.001 -11"><span class='ocrx_word' id='word_1_232' title='bbox 131 1649 303 1690; x_wconf 56' lang='lat' dir='ltr'>eloquenti&amp;</span> <span class='ocrx_word' id='word_1_233' title='bbox 318 1650 425 1680; x_wconf 85' lang='lat' dir='ltr'>abfuit.</span> <span class='ocrx_word' id='word_1_234' title='bbox 441 1651 482 1681; x_wconf 87' lang='lat' dir='ltr'>ib.</span> <span class='ocrx_word' id='word_1_235' title='bbox 509 1654 560 1682; x_wconf 90' lang='grc'><strong>60.</strong></span> <span class='ocrx_word' id='word_1_236' title='bbox 583 1650 688 1681; x_wconf 89' lang='lat' dir='ltr'>consul</span> <span class='ocrx_word' id='word_1_237' title='bbox 711 1660 783 1681; x_wconf 89' lang='lat' dir='ltr'>cum</span> <span class='ocrx_word' id='word_1_238' title='bbox 807 1648 845 1680; x_wconf 93' lang='lat' dir='ltr'><strong>C.</strong></span> <span class='ocrx_word' id='word_1_239' title='bbox 863 1648 1010 1685; x_wconf 82' lang='lat' dir='ltr'>Curione,</span> 
     </span>
     <span class='ocr_line' id='line_1_36' title="bbox 132 1692 713 1733; baseline 0 -11"><span class='ocrx_word' id='word_1_240' title='bbox 132 1693 174 1722; x_wconf 92' lang='lat' dir='ltr'>A.</span> <span class='ocrx_word' id='word_1_241' title='bbox 189 1694 262 1728; x_wconf 82' lang='grc'><strong>677.</strong></span> <span class='ocrx_word' id='word_1_242' title='bbox 286 1693 355 1723; x_wconf 85' lang='lat' dir='ltr'>Fin.</span> <span class='ocrx_word' id='word_1_243' title='bbox 372 1692 419 1729; x_wconf 85' lang='lat' dir='ltr'>II,</span> <span class='ocrx_word' id='word_1_244' title='bbox 437 1696 489 1724; x_wconf 68' lang='lat'><strong>⁶25.</strong></span> <span class='ocrx_word' id='word_1_245' title='bbox 507 1695 572 1733; x_wconf 88' lang='lat' dir='ltr'>ejus</span> <span class='ocrx_word' id='word_1_246' title='bbox 587 1693 713 1724; x_wconf 88' lang='lat' dir='ltr'>dolores.</span> 
     </span>
    </p>

    <p class='ocr_par' dir='ltr' id='par_1_15' title="bbox 176 1734 1013 1777">
     <span class='ocr_line' id='line_1_37' title="bbox 176 1734 1013 1777; baseline -0.005 -9"><span class='ocrx_word' id='word_1_247' title='bbox 176 1737 234 1768; x_wconf 86' lang='lat' dir='ltr'><strong>Cn.</strong></span> <span class='ocrx_word' id='word_1_248' title='bbox 252 1736 400 1775; x_wconf 77' lang='lat' dir='ltr'>Octavius,</span> <span class='ocrx_word' id='word_1_249' title='bbox 424 1735 482 1767; x_wconf 85' lang='lat' dir='ltr'>Cn.</span> <span class='ocrx_word' id='word_1_250' title='bbox 515 1737 552 1767; x_wconf 80' lang='lat' dir='ltr'>F.</span> <span class='ocrx_word' id='word_1_251' title='bbox 576 1746 669 1777; x_wconf 83' lang='lat' dir='ltr'>nepos</span> <span class='ocrx_word' id='word_1_252' title='bbox 693 1735 752 1767; x_wconf 89' lang='lat' dir='ltr'>Cn.</span> <span class='ocrx_word' id='word_1_253' title='bbox 769 1736 847 1775; x_wconf 85' lang='lat' dir='ltr'>ejus,</span> <span class='ocrx_word' id='word_1_254' title='bbox 874 1734 928 1776; x_wconf 88' lang='lat' dir='ltr'>qui</span> <span class='ocrx_word' id='word_1_255' title='bbox 942 1742 1013 1765; x_wconf 88' lang='lat' dir='ltr'>cum</span> 
     </span>
    </p>
   </div>
  </div>
 </body>
</html>
