1137 1848
322 72 471 104 INDEX
495 73 780 105 HISTORICUS.
930 74 989 105 119

103 158 230 199 scripsit,
252 158 307 199 qui
327 159 502 197 laudantur,
524 160 614 191 Brut.
642 161 690 190 18.
716 159 761 190 Hi
785 160 907 191 annales
927 170 991 190 car·

102 201 185 232 mine
200 201 302 243 scripti
316 203 441 232 fuerunt
454 214 463 239 3
488 203 591 244 itaque
606 203 643 234 de
659 204 734 244 ch.
749 202 776 241 Ι,
793 205 824 240 2,
841 203 895 233 ubi
910 213 992 233 com-

100 250 287 275 memoratur
312 245 390 276 inter
414 246 569 277 historicos
600 247 726 277 Latinos
749 247 910 288 prosaicos,
936 256 992 287 pro

105 289 232 325 Accius,
247 288 299 318 alii
309 289 416 329 legunt
432 291 558 327 λῑῖαεεν,
575 290 656 331 quod
673 301 709 320 ex
726 291 876 320 codicibus
893 290 994 319 firmat

102 331 255 361 Davisius.
281 331 354 362 Fuit
374 339 476 362 autem
497 337 587 373 poeta
610 333 739 363 Latinus
755 332 896 372 tragicus,
914 332 991 362 circa

100 384 216 404 annum
233 375 273 405 U.
293 376 365 405 550.
392 376 471 414 Ejus
486 376 597 407 fabulae
616 376 779 416 saepissime
794 375 958 405 laudantur
973 385 992 404 a

99 417 251 448 veteribus
265 428 274 452 ς
299 428 430 458 quarum
440 419 610 459 fragmenta
621 430 639 449 a
648 419 820 460 stephanis,
832 418 989 453 Echione,

86 466 129 490 -et
144 460 300 498 Scriveriu,
318 462 441 492 collecta
456 468 536 492 sunt.

145 505 183 533 P.
201 503 326 541 Accius,
346 515 402 545 pro
416 505 524 536 Attius
540 506 587 535 vel
611 505 717 543 Atius,
736 505 805 545 Lig.
823 507 854 543 2,
872 506 928 535 &a
945 510 990 535 est

102 546 216 583 Varus,
233 546 270 576 de
285 557 346 587 quo
366 548 398 577 in
423 549 527 578 Wzrns.
551 549 601 578 De
621 549 764 578 varietate
782 548 938 588 scripturae
961 558 993 577 v.

100 589 209 619 Burm.
226 589 264 619 ad
280 590 404 620 Sueton.
420 591 505 631 Aug.
523 601 547 622 c.
566 593 597 627 4,
615 598 644 622 et
660 591 746 631 Virg.
764 591 837 621 AEn.
856 591 899 624 V,
916 591 990 620 568.

150 633 184 663 Τ.
212 634 335 670 Accius,
362 634 562 671 Pisaurensis,
590 635 680 665 Brut.
700 635 751 669 78.
770 634 877 674 Eques
898 634 991 663 Rom.

100 675 153 715 qui
178 676 327 706 accusavit
348 677 470 706 Aulum
487 678 675 708 Cluentium.
701 678 900 717 Hermagorae
914 687 992 717 prae-

84 723 184 758 „cepta
199 718 351 748 didicerat.

146 762 302 799 Aclzaazto,
330 762 368 792 de
391 763 466 793 Nat.
494 762 537 794 D.
565 763 631 801 ΙΙΙ,
658 764 711 801 21,
736 763 870 803 Rhodia,
896 769 994 793 mater

99 804 187 834 Solis.

144 847 291 883 Achilles,
319 848 356 878 de
375 848 482 878 Divin.
505 849 533 886 Ι,
559 850 611 879 30.
634 849 675 878 Ei
691 849 894 890 propinquam
910 858 992 878 mor-

87 896 161 920 rtem
176 890 291 920 Hector
300 892 432 921 moriens
447 892 618 930 denuntiat,
630 893 687 922 ἃς.
702 892 799 922 Arch.
815 893 862 922 10.
882 891 992 932 Sepul-

100 943 186 962 crum
202 934 267 971 ejus
282 933 314 963 in
330 935 429 974 Sigeo.

142 976 312 1013 Acidinus,
338 977 411 1007 Div.
433 978 494 1013 IV,
514 978 564 1015 12,
582 978 711 1018 legatus,
728 982 762 1007 ut
783 978 900 1018 opinor-7
918 977 990 1007 Sul-

97 1018 167 1059 picii
183 1029 297 1059 procos.
314 1019 454 1057 Achaiae,
477 1022 534 1050 otc.
555 1031 720 1060 cognomen
737 1021 833 1060 gentis
850 1021 988 1051 Manliae.

98 1061 152 1091 Ad
169 1062 233 1091 Att.
252 1061 313 1099 IV,
336 1064 368 1099 3,
386 1070 430 1093 est
452 1063 486 1093 C.
504 1063 644 1094 Manlius
667 1064 823 1100 Acidinus,
851 1064 989 1104 princeps

100 1104 270 1134 Catilinarii
286 1106 366 1135 belli.
390 1107 502 1145 Agrar-
522 1107 569 1142 II,
583 1108 636 1142 24,
650 1113 694 1137 est
708 1107 744 1136 L.
762 1107 901 1137 Manlius
914 1107 990 1136 Aci-

97 1146 198 1183 dinus,
216 1147 270 1187 qui
284 1149 389 1178 consul
404 1149 464 1178 fuit
479 1159 548 1179 cum
561 1150 672 1180 Fulvio
687 1150 806 1180 Flacco.
831 1150 899 1180 Liv.
914 1150 990 1187 XL,

96 1190 150 1220 43.
174 1189 203 1220 Ε
219 1190 303 1221 fastis
320 1192 500 1233 Capitolinis
525 1199 660 1233 apparet,
677 1192 769 1223 fuisse
784 1192 907 1223 fratrem
923 1203 991 1233 ger-

98 1241 226 1263 manum
244 1233 358 1271 Fulvii,
373 1235 552 1275 adoptatum
568 1236 599 1265 in
615 1235 764 1265 familiam
782 1236 945 1265 Manliam.

142 1276 250 1313 Acilii,
274 1277 390 1308 familia
405 1278 533 1318 plebeia,
556 1279 644 1317 cujus
659 1288 833 1319 praenomen
849 1278 988 1317 Manius,

99 1328 267 1358 cognomen
284 1320 421 1351 Glabrio.
445 1321 474 1351 V
476 1321 517 1350 id.
533 1321 565 1351 in
587 1323 721 1357 Glabrio,
739 1327 766 1351 et
784 1322 905 1351 Bulbus.

143 1362 183 1391 L.
201 1362 337 1399 Acilius,
354 1363 391 1393 de
407 1363 482 1404 Leg.
501 1363 547 1401 ΙΙ,
561 1366 613 1401 23,
626 1365 740 1400 JCtus‚
757 1365 988 1395 commentarios

99 1405 215 1445 scripsit
230 1405 262 1435 in
289 1406 360 1436 XII
385 1406 533 1437 Tabulas.
559 1407 673 1437 Vocem
690 1408 800 1437 Lcssus
814 1417 875 1437 non
896 1407 988 1438 ›intel-

96 1447 182 1484 lexit,
200 1453 229 1477 et
244 1449 414 1479 vestimenti
426 1459 521 1487 genus
537 1450 706 1490 suspicatus
721 1455 775 1480 est.

141 1491 278 1528 Acilius,
303 1491 366 1521 Off.
394 1491 458 1530 ΙΙΙ,
481 1496 534 1529 32,
558 1492 725 1523 historicus.
750 1493 874 1531 Scripsit
896 1493 991 1523 histo-

99 1532 175 1562 riam
199 1534 312 1564 Graece.
338 1534 465 1565 Vossius
486 1541 574 1576 putat
599 1546 662 1566 esse
689 1535 724 1566 C.
753 1535 892 1565 Acilium
915 1536 991 1565 Gla-

85 1576 249 1613 .brior1em‚
278 1577 343 1617 qui,
368 1578 410 1607 A.
435 1578 477 1608 U.
506 1579 581 1615 551,
608 1584 750 1618 quaestor,
775 1584 814 1614 et,
840 1580 883 1608 A.
914 1580 988 1615 5565,

100 1618 168 1648 trib.
194 1619 237 1659 pl.
263 1619 343 1649 fuit:
369 1620 450 1660 quod
471 1626 561 1660 negat
582 1621 801 1662 Chapmannus
824 1632 871 1662 ap
898 1621 991 1651 Pear-

102 1660 185 1690 cium
200 1661 239 1691 ad
255 1662 287 1692 h.
304 1662 324 1692 l.
341 1672 473 1703 eumque
493 1669 615 1694 centum
631 1664 717 1694 annis
739 1664 891 1703 juniorem
906 1663 989 1700 facit,

84 1723 85 1726 =
103 1709 214 1743 putans
228 1704 321 1735 fuisse
336 1705 480 1736 Graecum
495 1706 626 1744 natione,
643 1713 672 1737 et
690 1718 708 1737 a
723 1707 864 1737 Romano
878 1716 989 1736 nomen

105 1746 273 1787 accepisse3
297 1748 380 1788 quod
403 1748 520 1786 Cicero,
550 1749 581 1778 in
614 1750 723 1787 Bruto,
749 1758 990 1779 commemorans
