1122 1868
147 78 209 109 256
361 77 509 108 INDEX
533 77 818 110 HISTORICUS.

189 164 345 202 Horatius,
368 163 458 194 Balb.
489 165 537 196 17.
559 173 669 193 nomen
695 170 871 205 corruptum
894 168 949 202 est,
976 168 1029 194 aut

149 216 379 246 supervacuum.
398 206 520 244 Manut.

193 250 229 279 T.
248 249 440 286 Hor-defluum,
467 249 528 279 Att.
546 248 644 287 XIII,
662 250 713 280 46.

188 293 344 330 Hor-zatus,
360 292 428 324 Att.
448 291 493 329 ΙΙ,
508 296 559 323 25).
571 292 630 330 ΙΨ,
650 295 694 323 15.
712 302 876 332 cognomen
890 297 932 321 est
945 291 1027 321 Hor-

143 335 241 371 tensii,
265 345 325 375 quo
347 341 436 364 notus
451 341 494 365 est
509 335 659 375 imprimis
674 346 764 375 nepos
780 334 903 365 oratoris
927 345 942 364 e
962 334 1026 364 Ta-

142 377 211 408 cito.
234 377 303 415 Sed,
329 388 345 408 e
365 377 436 407 locis
461 378 623 415 Ciceronis,
641 384 734 418 patet,
751 378 840 407 etiam
864 387 954 407 avum
971 388 1026 417 pa-

142 425 280 461 tremque
305 421 397 459 hujus
424 420 595 450 Corneliani
620 421 660 450 sic
685 421 881 460 appellatum.
918 419 1026 460 Itaque

142 472 203 492 non
219 472 335 493 necesse
350 469 411 492 erat
428 463 542 492 Catulli
558 463 650 503 epigr.
667 464 717 493 (55.
742 474 759 492 a
776 463 883 493 Vossio
899 463 1026 503 aliisque

140 505 179 535 ad
195 512 335 545 nepotem
357 505 477 535 referri:
503 515 556 535 nec
581 512 752 545 temporum
773 505 848 535 ratio
872 505 943 535 sinit
963 514 1026 534 cre-

139 549 219 585 dere,
247 548 454 578 Catullianurn
476 548 640 578 Hortalum
665 558 727 578 esse
745 554 886 588 nepotem
910 547 1023 589 potius,

138 600 232 632 quam
248 591 364 632 nepotis
379 600 481 620 avum.

183 634 371 669 Ηιηήειιεὶιιε,
397 634 462 662 Att.
480 633 560 667 XII.
578 635 607 663 5.
624 633 820 673 argentarius.

179 677 221 707 L.
239 677 427 713 Ηιι-τειιείιιε,
452 675 537 706 verr.
553 675 613 712 ΙΨ,
635 678 681 706 16.
697 682 781 716 pater
796 676 836 714 Q.
858 674 1022 705 Hortensii.

183 720 219 754 Q.
236 720 423 755 ffirtensius,
447 718 484 748 L.
510 720 549 750 F.
573 719 626 748 Br.
646 720 698 756 64,
719 728 813 748 annos
829 717 912 748 XIX
934 725 1023 748 natus

136 772 258 792 causam
279 761 408 801 primam
431 761 502 801 egit,
523 762 560 791 L.
578 762 684 791 Crasso
700 767 728 791 et
744 762 784 798 Q.
801 761 934 791 Scaevola
949 771 1023 791 coss.

138 807 176 834 (ἶ.
204 804 352 834 Marcello
378 814 434 834 cos.
471 810 618 834 mortuus.
651 804 705 834 Or.
732 803 796 840 III,
825 806 875 834 61.
899 813 1021 834 causam

136 846 251 876 Africae
276 847 420 884 defendit,
446 847 483 876 L.
501 847 609 877 Crasso
625 847 745 876 consule
761 857 770 882 ς
795 847 867 876 item
883 857 938 887 pro
954 856 1022 885 rege

136 889 291 930 Bithyniae
307 889 384 919 dixit
397 899 455 919 non
471 889 523 918 diu
534 896 603 919 ante
615 896 741 919 mortem
756 889 866 919 Crassi.
891 889 951 919 Off.
973 888 1019 926 ΙΙ,

141 934 187 962 16.
213 933 276 971 ejus
297 932 431 962 aedilitas.
449 932 486 961 ad
511 932 582 961 Div.
602 931 665 967 ΙΙΙ,
694 933 724 962 8.
741 932 890 962 Ciceronis
907 932 1021 971 collega

134 974 165 1005 in
182 981 342 1015 auguratu.
360 976 423 1004 Att.
443 973 488 1011 ΙΙ,
505 978 534 1004 3.
545 974 679 1004 defendit
695 975 861 1004 Valerium.
887 974 957 1004 Mil.
974 976 1022 1005 14.

133 1027 220 1060 paene
245 1028 398 1047 servorum
423 1017 563 1047 manibus
582 1017 769 1051 interficitur.
794 1028 864 1047 cum
882 1016 1019 1048 Ciceroni

134 1060 258 1090 adesset.
283 1060 320 1089 ad
343 1060 415 1090 Div.
439 1059 536 1096 VIII,
562 1063 586 1090 1.
603 1060 734 1100 quisine
756 1060 843 1090 sibilo
858 1061 895 1089 ad
919 1070 1020 1090 senec·

135 1108 233 1133 tutem
251 1109 436 1143 pervenerat,
455 1103 576 1132 tandem
593 1103 624 1132 in
643 1103 783 1132 Curionis
799 1103 914 1132 theatro
930 1103 1018 1132 vehe-

133 1152 250 1175 menter
266 1146 450 1175 exsibilatur.
475 1146 515 1183 Q.
533 1146 582 1175 Fr.
607 1144 634 1181 Ι,
660 1147 690 1175 3.
710 1145 842 1175 amicum
864 1145 1017 1176 Ciceronis

134 1199 165 1218 se
180 1189 314 1225 simulat,
331 1194 360 1218 et
381 1198 450 1218 eum
466 1188 606 1218 insidiose
623 1194 738 1218 tractat.
755 1188 793 1217 ad
810 1188 882 1217 Div.
902 1187 947 1225 ΙΙ,
968 1189 1016 1218 16.

131 1231 288 1271 gloriatur,
306 1231 387 1271 quod
407 1241 565 1271 nunquam
583 1230 661 1261 bello
682 1231 761 1260 civili
776 1230 960 1261 interfuerat.
984 1231 1016 1261 in

134 1274 236 1303 caecil.
254 1275 283 1308 7.
299 1273 464 1303 dominatio
486 1274 516 1303 in
532 1273 653 1312 judiciis
669 1279 697 1302 et
717 1273 864 1313 cupiditas
883 1279 1013 1303 notatur.

133 1317 200 1346 Att.
219 1316 245 1353 Ι,
277 1318 322 1347 16.
343 1316 403 1356 legi
419 1317 526 1352 Fuflae,
548 1317 579 1345 in
596 1316 696 1346 Clodii
711 1315 839 1355 gratiani
858 1316 937 1353 latae,
954 1326 1014 1345 non

131 1360 304 1389 adversatur
326 1359 531 1399 imprudentia
560 1359 671 1400 aliquit.
696 1358 789 1388 Acad.
810 1357 870 1396 ΙΨ,
901 1361 925 1389 Ι.
948 1358 1017 1399 phi-

130 1402 298 1442 Iosophiam
323 1402 506 1437 contemnit3
531 1402 582 1431 sed
603 1412 621 1431 a
644 1401 787 1431 Cicerone
808 1402 844 1431 de
866 1401 1014 1431 sententia

129 1445 297 1474 deducitur.
322 1444 417 1474 Acad.
446 1444 503 1480 ΙΨ,
537 1448 560 1474 l.
586 1445 650 1483 ejus
674 1444 828 1474 memoria.
851 1445 939 1474 Brut.
960 1446 1011 1473 88.

129 1487 196 1517 laus
212 1487 400 1527 eloquentiae‚
417 1493 446 1516 et
462 1487 530 1517 vita.
557 1487 644 1516 Brut.
664 1488 689 1515 l.
707 1487 771 1524 ejus
787 1497 875 1516 mors.
892 1487 967 1516 laus.

174 1531 373 1565 Hortensius,
397 1529 434 1559 de
455 1530 526 1559 Div.
545 1529 572 1565 Ι,
592 1533 615 1559 l.
631 1529 707 1559 liber
724 1529 886 1567 Ciceronis,
903 1529 934 1558 in
950 1539 1011 1570 quo

127 1572 165 1602 ad
181 1572 378 1612 philosophiae
394 1572 528 1601 studium
545 1572 728 1602 adhortatur.

172 1616 207 1650 Q.
226 1615 424 1650 Hortensius,
448 1616 488 1651 Q.
506 1615 546 1644 fil.
562 1615 642 1643 Phil.
659 1615 702 1651 X,
719 1617 748 1643 5.
766 1615 793 1643 6.
811 1620 920 1654 praetor
936 1614 1008 1644 Ma-

125 1657 267 1691 cedoniae,
295 1657 344 1686 M.
366 1658 500 1686 Brutum
526 1657 643 1687 delectu
663 1658 759 1696 juvat.
787 1656 871 1687 Idem
901 1663 944 1687 est
967 1657 1005 1687 ad

123 1704 191 1730 Att.
211 1700 239 1730 V
245 1699 289 1734 ΙΙ,
307 1706 337 1729 2.

163 1743 350 1773 Hostiliam
365 1744 512 1779 actiones,
535 1741 623 1772 Orat.
649 1741 676 1780 Ι,
702 1743 752 1778 57.
770 1748 839 1773 sunt
863 1742 1004 1774 formulae
