<?xml version="1.0" encoding="UTF-8"?>
<!DOCTYPE html PUBLIC "-//W3C//DTD XHTML 1.0 Transitional//EN"
    "http://www.w3.org/TR/xhtml1/DTD/xhtml1-transitional.dtd">
<html xmlns="http://www.w3.org/1999/xhtml" xml:lang="en" lang="en">
 <head>
  <title>
</title>
<meta http-equiv="Content-Type" content="text/html;charset=utf-8" />
  <meta name='ocr-system' content='tesseract 3.04.00' />
  <meta name='ocr-capabilities' content='ocr_page ocr_carea ocr_par ocr_line ocrx_word'/>
</head>
<body>
  <div class='ocr_page' id='page_1' title='image "./operaern12ciceuoft_0127.png"; bbox 0 0 1137 1848; ppageno 0'>
   <div class='ocr_carea' id='block_1_1' title="bbox 276 81 995 114">
    <p class='ocr_par' dir='ltr' id='par_1_1' title="bbox 276 81 995 114">
     <span class='ocr_line' id='line_1_1' title="bbox 276 81 995 114; baseline -0.003 0"><span class='ocrx_word' id='word_1_1' title='bbox 276 83 425 114; x_wconf 87' lang='lat' dir='ltr'><strong>INDEX</strong></span> <span class='ocrx_word' id='word_1_2' title='bbox 449 81 821 114; x_wconf 86' lang='lat' dir='ltr'><strong>GEOGRAPHICUS.</strong></span> <span class='ocrx_word' id='word_1_3' title='bbox 934 83 995 113; x_wconf 86' lang='lat'><strong><em>115</em></strong></span> 
     </span>
    </p>
   </div>
   <div class='ocr_carea' id='block_1_2' title="bbox 107 167 1005 291">
    <p class='ocr_par' dir='ltr' id='par_1_2' title="bbox 107 167 1005 291">
     <span class='ocr_line' id='line_1_2' title="bbox 152 167 823 210; baseline 0 -12"><span class='ocrx_word' id='word_1_4' title='bbox 152 167 261 208; x_wconf 80' lang='lat' dir='ltr'><strong><em>Tycha,</em></strong></span> <span class='ocrx_word' id='word_1_5' title='bbox 274 169 363 200; x_wconf 84' lang='lat' dir='ltr'><strong>Verr.</strong></span> <span class='ocrx_word' id='word_1_6' title='bbox 379 169 422 207; x_wconf 91' lang='lat' dir='ltr'><strong><em>V,</em></strong></span> <span class='ocrx_word' id='word_1_7' title='bbox 439 169 492 208; x_wconf 83' lang='lat'><strong><em>53,</em></strong></span> <span class='ocrx_word' id='word_1_8' title='bbox 509 179 578 210; x_wconf 86' lang='lat' dir='ltr'><strong>pars</strong></span> <span class='ocrx_word' id='word_1_9' title='bbox 594 170 823 210; x_wconf 84' lang='lat' dir='ltr'><strong>Syracusarum.</strong></span> 
     </span>
     <span class='ocr_line' id='line_1_3' title="bbox 155 211 1005 253; baseline 0 -11"><span class='ocrx_word' id='word_1_10' title='bbox 155 212 362 252; x_wconf 73' lang='lat' dir='ltr'><strong><em>Tyndaritani,</em></strong></span> <span class='ocrx_word' id='word_1_11' title='bbox 374 212 413 242; x_wconf 86' lang='lat' dir='ltr'><strong><em>ad</em></strong></span> <span class='ocrx_word' id='word_1_12' title='bbox 423 212 492 242; x_wconf 83' lang='lat' dir='ltr'>Att.</span> <span class='ocrx_word' id='word_1_13' title='bbox 506 212 583 250; x_wconf 90' lang='lat' dir='ltr'><strong><em>XV,</em></strong></span> <span class='ocrx_word' id='word_1_14' title='bbox 593 213 626 249; x_wconf 68' lang='lat'><strong><em>⁹2,</em></strong></span> <span class='ocrx_word' id='word_1_15' title='bbox 643 223 661 242; x_wconf 88' lang='lat' dir='ltr'>a</span> <span class='ocrx_word' id='word_1_16' title='bbox 680 212 826 253; x_wconf 80' lang='lat' dir='ltr'><strong><em>Tyndari,</em></strong></span> <span class='ocrx_word' id='word_1_17' title='bbox 843 221 866 241; x_wconf 91' lang='lat' dir='ltr'><strong><em>s.</em></strong></span> <span class='ocrx_word' id='word_1_18' title='bbox 889 211 1005 252; x_wconf 76' lang='lat' dir='ltr'><em>Tynda-</em></span> 
     </span>
     <span class='ocr_line' id='line_1_4' title="bbox 107 254 793 291; baseline 0.001 -8"><span class='ocrx_word' id='word_1_19' title='bbox 107 255 183 291; x_wconf 76' lang='lat' dir='ltr'><strong><em>ride,</em></strong></span> <span class='ocrx_word' id='word_1_20' title='bbox 195 255 270 285; x_wconf 82' lang='lat' dir='ltr'>urbe</span> <span class='ocrx_word' id='word_1_21' title='bbox 285 255 395 286; x_wconf 86' lang='lat' dir='ltr'><strong><em>Siciliae</em></strong></span> <span class='ocrx_word' id='word_1_22' title='bbox 409 254 448 284; x_wconf 87' lang='lat' dir='ltr'><strong><em>ad</em></strong></span> <span class='ocrx_word' id='word_1_23' title='bbox 464 255 644 285; x_wconf 87' lang='lat' dir='ltr'>Heliconem</span> <span class='ocrx_word' id='word_1_24' title='bbox 660 265 793 285; x_wconf 84' lang='lat' dir='ltr'><strong>amnem.</strong></span> 
     </span>
    </p>
   </div>
   <div class='ocr_carea' id='block_1_3' title="bbox 113 296 1005 380">
    <p class='ocr_par' dir='ltr' id='par_1_3' title="bbox 113 296 1005 380">
     <span class='ocr_line' id='line_1_5' title="bbox 153 296 1005 339; baseline 0.002 -13"><span class='ocrx_word' id='word_1_25' title='bbox 153 296 303 336; x_wconf 79' lang='lat' dir='ltr'><strong><em>Tyrrhena</em></strong></span> <span class='ocrx_word' id='word_1_26' title='bbox 327 307 410 338; x_wconf 80' lang='lat' dir='ltr'><strong><em>gens,</em></strong></span> <span class='ocrx_word' id='word_1_27' title='bbox 434 304 478 328; x_wconf 85' lang='lat' dir='ltr'><strong><em>est</em></strong></span> <span class='ocrx_word' id='word_1_28' title='bbox 500 298 642 336; x_wconf 87' lang='lat' dir='ltr'>Etrusca,</span> <span class='ocrx_word' id='word_1_29' title='bbox 664 298 747 339; x_wconf 86' lang='lat' dir='ltr'><strong><em>quod</em></strong></span> <span class='ocrx_word' id='word_1_30' title='bbox 771 297 898 328; x_wconf 85' lang='lat' dir='ltr'>Etruria</span> <span class='ocrx_word' id='word_1_31' title='bbox 913 298 1005 328; x_wconf 87' lang='lat' dir='ltr'><strong><em>etiam</em></strong></span> 
     </span>
     <span class='ocr_line' id='line_1_6' title="bbox 113 339 437 380; baseline 0 -11"><span class='ocrx_word' id='word_1_32' title='bbox 113 339 274 380; x_wconf 73' lang='lat' dir='ltr'><em>Tyrrhenia</em></span> <span class='ocrx_word' id='word_1_33' title='bbox 287 341 367 371; x_wconf 78' lang='lat' dir='ltr'><strong><em>dicta</em></strong></span> <span class='ocrx_word' id='word_1_34' title='bbox 382 346 437 370; x_wconf 87' lang='lat' dir='ltr'>est.</span> 
     </span>
    </p>
   </div>
   <div class='ocr_carea' id='block_1_4' title="bbox 158 383 647 424">
    <p class='ocr_par' dir='ltr' id='par_1_4' title="bbox 158 383 647 424">
     <span class='ocr_line' id='line_1_7' title="bbox 158 383 647 424; baseline 0 -11"><span class='ocrx_word' id='word_1_35' title='bbox 158 383 188 413; x_wconf 91' lang='lat' dir='ltr'><em>T</em></span> <span class='ocrx_word' id='word_1_36' title='bbox 184 394 266 424; x_wconf 76' lang='lat' dir='ltr'><strong><em>yrus,</em></strong></span> <span class='ocrx_word' id='word_1_37' title='bbox 282 385 354 414; x_wconf 84' lang='lat' dir='ltr'><strong>urbs</strong></span> <span class='ocrx_word' id='word_1_38' title='bbox 367 383 523 414; x_wconf 86' lang='lat' dir='ltr'><strong><em>Phoenices</em></strong></span> <span class='ocrx_word' id='word_1_39' title='bbox 538 383 647 424; x_wconf 87' lang='lat' dir='ltr'><strong><em>prima.</em></strong></span> 
     </span>
    </p>
   </div>
   <div class='ocr_carea' id='block_1_5' title="bbox 525 469 566 498">
    <p class='ocr_par' dir='ltr' id='par_1_5' title="bbox 525 469 566 498">
     <span class='ocr_line' id='line_1_8' title="bbox 525 469 566 498; baseline 0 0"><span class='ocrx_word' id='word_1_40' title='bbox 525 469 566 498; x_wconf 90' lang='lat' dir='ltr'><strong><em>V.</em></strong></span> 
     </span>
    </p>
   </div>
   <div class='ocr_carea' id='block_1_6' title="bbox 111 554 1016 1755">
    <p class='ocr_par' dir='ltr' id='par_1_6' title="bbox 111 554 1009 767">
     <span class='ocr_line' id='line_1_9' title="bbox 158 554 1004 595; baseline 0.002 -9"><span class='ocrx_word' id='word_1_41' title='bbox 158 556 249 593; x_wconf 84' lang='lat' dir='ltr'><strong><em>Vada,</em></strong></span> <span class='ocrx_word' id='word_1_42' title='bbox 266 555 304 585; x_wconf 85' lang='lat' dir='ltr'><strong><em>ad</em></strong></span> <span class='ocrx_word' id='word_1_43' title='bbox 316 555 389 586; x_wconf 89' lang='lat' dir='ltr'><strong><em>Div.</em></strong></span> <span class='ocrx_word' id='word_1_44' title='bbox 403 554 466 593; x_wconf 88' lang='lat' dir='ltr'><strong><em>XI,</em></strong></span> <span class='ocrx_word' id='word_1_45' title='bbox 484 556 534 593; x_wconf 83' lang='grc'><strong><em>10,</em></strong></span> <span class='ocrx_word' id='word_1_46' title='bbox 552 561 623 586; x_wconf 86' lang='lat' dir='ltr'><strong>sunt</strong></span> <span class='ocrx_word' id='word_1_47' title='bbox 639 556 716 586; x_wconf 86' lang='lat' dir='ltr'>vada</span> <span class='ocrx_word' id='word_1_48' title='bbox 728 557 863 594; x_wconf 82' lang='lat' dir='ltr'><strong><em>Sabatia,</em></strong></span> <span class='ocrx_word' id='word_1_49' title='bbox 881 557 1004 595; x_wconf 85' lang='lat' dir='ltr'>Sabata,</span> 
     </span>
     <span class='ocr_line' id='line_1_10' title="bbox 111 599 1004 640; baseline 0 -10"><span class='ocrx_word' id='word_1_50' title='bbox 111 610 136 630; x_wconf 85' lang='lat' dir='ltr'><strong><em>s.</em></strong></span> <span class='ocrx_word' id='word_1_51' title='bbox 149 600 340 630; x_wconf 87' lang='lat' dir='ltr'>Sabatorum.</span> <span class='ocrx_word' id='word_1_52' title='bbox 374 599 481 629; x_wconf 74' lang='lat' dir='ltr'><em>Sabata</em></span> <span class='ocrx_word' id='word_1_53' title='bbox 497 605 560 629; x_wconf 78' lang='lat' dir='ltr'>erat</span> <span class='ocrx_word' id='word_1_54' title='bbox 580 599 729 640; x_wconf 86' lang='lat' dir='ltr'><strong><em>oppidum</em></strong></span> <span class='ocrx_word' id='word_1_55' title='bbox 750 600 954 639; x_wconf 85' lang='lat' dir='ltr'><strong><em>maritimum,</em></strong></span> <span class='ocrx_word' id='word_1_56' title='bbox 972 601 1004 630; x_wconf 89' lang='lat' dir='ltr'><strong><em>in</em></strong></span> 
     </span>
     <span class='ocr_line' id='line_1_11' title="bbox 112 641 1006 682; baseline 0 -9"><span class='ocrx_word' id='word_1_57' title='bbox 112 642 166 673; x_wconf 69' lang='lat'><strong><em>015.</em></strong></span> <span class='ocrx_word' id='word_1_58' title='bbox 178 641 343 679; x_wconf 83' lang='lat' dir='ltr'><strong><em>Genuensi,</em></strong></span> <span class='ocrx_word' id='word_1_59' title='bbox 356 641 557 682; x_wconf 87' lang='lat' dir='ltr'><strong><em>praecipuum,</em></strong></span> <span class='ocrx_word' id='word_1_60' title='bbox 568 652 629 672; x_wconf 89' lang='lat' dir='ltr'><strong><em>non</em></strong></span> <span class='ocrx_word' id='word_1_61' title='bbox 642 643 732 682; x_wconf 84' lang='lat' dir='ltr'><strong><em>longe</em></strong></span> <span class='ocrx_word' id='word_1_62' title='bbox 748 643 868 673; x_wconf 61' lang='lat' dir='ltr'><strong><em>Savonssz</em></strong></span> <span class='ocrx_word' id='word_1_63' title='bbox 880 643 1006 681; x_wconf 87' lang='lat' dir='ltr'><strong><em>distans,</em></strong></span> 
     </span>
     <span class='ocr_line' id='line_1_12' title="bbox 113 684 1009 726; baseline 0.001 -11"><span class='ocrx_word' id='word_1_64' title='bbox 113 684 163 715; x_wconf 87' lang='lat' dir='ltr'><strong><em>eui</em></strong></span> <span class='ocrx_word' id='word_1_65' title='bbox 178 684 315 723; x_wconf 84' lang='lat' dir='ltr'>adjacent</span> <span class='ocrx_word' id='word_1_66' title='bbox 335 684 435 725; x_wconf 86' lang='lat' dir='ltr'><strong><em>campi</em></strong></span> <span class='ocrx_word' id='word_1_67' title='bbox 455 685 615 725; x_wconf 84' lang='lat' dir='ltr'><strong>palustres,</strong></span> <span class='ocrx_word' id='word_1_68' title='bbox 632 685 686 726; x_wconf 92' lang='lat' dir='ltr'><strong><em>qui</em></strong></span> <span class='ocrx_word' id='word_1_69' title='bbox 703 684 792 715; x_wconf 87' lang='lat' dir='ltr'><strong><em>Vada</em></strong></span> <span class='ocrx_word' id='word_1_70' title='bbox 807 685 962 723; x_wconf 85' lang='lat' dir='ltr'><strong><em>dicuntur,</em></strong></span> <span class='ocrx_word' id='word_1_71' title='bbox 979 692 1009 716; x_wconf 83' lang='lat' dir='ltr'><strong><em>et</em></strong></span> 
     </span>
     <span class='ocr_line' id='line_1_13' title="bbox 114 727 1009 767; baseline 0.001 -9"><span class='ocrx_word' id='word_1_72' title='bbox 114 727 192 758; x_wconf 87' lang='lat' dir='ltr'>vada</span> <span class='ocrx_word' id='word_1_73' title='bbox 204 727 407 766; x_wconf 83' lang='lat' dir='ltr'><strong><em>Sabatiorum,</em></strong></span> <span class='ocrx_word' id='word_1_74' title='bbox 425 737 477 757; x_wconf 88' lang='lat' dir='ltr'><strong><em>seu</em></strong></span> <span class='ocrx_word' id='word_1_75' title='bbox 494 727 625 758; x_wconf 81' lang='lat' dir='ltr'><strong><em>Sabatia.</em></strong></span> <span class='ocrx_word' id='word_1_76' title='bbox 650 728 771 759; x_wconf 88' lang='lat' dir='ltr'><strong>Cluver.</strong></span> <span class='ocrx_word' id='word_1_77' title='bbox 798 728 870 758; x_wconf 67' lang='lat' dir='ltr'><strong>Ital.</strong></span> <span class='ocrx_word' id='word_1_78' title='bbox 887 729 962 759; x_wconf 90' lang='lat' dir='ltr'>Ant.</span> <span class='ocrx_word' id='word_1_79' title='bbox 980 730 1009 767; x_wconf 90' lang='lat' dir='ltr'><strong><em>I,</em></strong></span> 
     </span>
    </p>

    <p class='ocr_par' dir='ltr' id='par_1_7' title="bbox 161 813 1010 854">
     <span class='ocr_line' id='line_1_14' title="bbox 161 813 1010 854; baseline 0.002 -12"><span class='ocrx_word' id='word_1_80' title='bbox 161 813 318 849; x_wconf 79' lang='lat' dir='ltr'><strong><em>Valentini,</em></strong></span> <span class='ocrx_word' id='word_1_81' title='bbox 330 814 417 844; x_wconf 84' lang='lat' dir='ltr'><strong><em>Verr.</em></strong></span> <span class='ocrx_word' id='word_1_82' title='bbox 435 813 496 851; x_wconf 90' lang='lat' dir='ltr'><strong><em>VI,</em></strong></span> <span class='ocrx_word' id='word_1_83' title='bbox 515 814 565 850; x_wconf 74' lang='grc'><strong><em>16,</em></strong></span> <span class='ocrx_word' id='word_1_84' title='bbox 579 825 596 844; x_wconf 88' lang='lat' dir='ltr'>a</span> <span class='ocrx_word' id='word_1_85' title='bbox 610 813 756 851; x_wconf 63' lang='lat' dir='ltr'><strong><em>Valentia,</em></strong></span> <span class='ocrx_word' id='word_1_86' title='bbox 767 814 1010 854; x_wconf 62' lang='lat' dir='ltr'><strong><em>oppido‘Brutti-</em></strong></span> 
     </span>
    </p>

    <p class='ocr_par' dir='ltr' id='par_1_8' title="bbox 114 856 1010 940">
     <span class='ocr_line' id='line_1_15' title="bbox 114 856 1010 897; baseline 0.001 -11"><span class='ocrx_word' id='word_1_87' title='bbox 114 866 215 893; x_wconf 85' lang='lat' dir='ltr'><strong><em>orum,</em></strong></span> <span class='ocrx_word' id='word_1_88' title='bbox 229 856 310 897; x_wconf 89' lang='lat' dir='ltr'><strong><em>quod</em></strong></span> <span class='ocrx_word' id='word_1_89' title='bbox 327 862 355 886; x_wconf 84' lang='lat' dir='ltr'><strong><em>et</em></strong></span> <span class='ocrx_word' id='word_1_90' title='bbox 377 857 465 886; x_wconf 77' lang='lat' dir='ltr'><strong><em>Vibo‘n</em></strong></span> <span class='ocrx_word' id='word_1_91' title='bbox 481 863 510 886; x_wconf 87' lang='lat' dir='ltr'><strong><em>et</em></strong></span> <span class='ocrx_word' id='word_1_92' title='bbox 531 857 598 886; x_wconf 76' lang='lat' dir='ltr'><strong><em>Vzbn</em></strong></span> <span class='ocrx_word' id='word_1_93' title='bbox 613 857 744 886; x_wconf 69' lang='lat' dir='ltr'><strong><em>Valentia</em></strong></span> <span class='ocrx_word' id='word_1_94' title='bbox 761 856 890 888; x_wconf 85' lang='lat' dir='ltr'><strong><em>dicitur:</em></strong></span> <span class='ocrx_word' id='word_1_95' title='bbox 908 857 1010 887; x_wconf 89' lang='lat' dir='ltr'><strong><em>muni-</em></strong></span> 
     </span>
     <span class='ocr_line' id='line_1_16' title="bbox 114 899 737 940; baseline 0 -12"><span class='ocrx_word' id='word_1_96' title='bbox 114 899 229 940; x_wconf 88' lang='lat' dir='ltr'><strong><em>cipium</em></strong></span> <span class='ocrx_word' id='word_1_97' title='bbox 245 899 302 929; x_wconf 83' lang='lat' dir='ltr'><strong><em>fuit</em></strong></span> <span class='ocrx_word' id='word_1_98' title='bbox 312 899 372 929; x_wconf 74' lang='lat' dir='ltr'><strong><em>illis</em></strong></span> <span class='ocrx_word' id='word_1_99' title='bbox 384 899 581 939; x_wconf 83' lang='lat' dir='ltr'><strong>temporibus.</strong></span> <span class='ocrx_word' id='word_1_100' title='bbox 598 899 638 929; x_wconf 82' lang='lat' dir='ltr'><strong><em>V.</em></strong></span> <span class='ocrx_word' id='word_1_101' title='bbox 661 900 737 929; x_wconf 72' lang='lat' dir='ltr'><strong><em>I&#39;ilm.</em></strong></span> 
     </span>
    </p>

    <p class='ocr_par' dir='ltr' id='par_1_9' title="bbox 166 942 857 983">
     <span class='ocr_line' id='line_1_17' title="bbox 166 942 857 983; baseline -0.001 -11"><span class='ocrx_word' id='word_1_102' title='bbox 166 943 291 978; x_wconf 60' lang='lat' dir='ltr'><strong><em>ls⁷m=‹laei,</em></strong></span> <span class='ocrx_word' id='word_1_103' title='bbox 305 942 343 971; x_wconf 88' lang='lat' dir='ltr'><strong><em>ad</em></strong></span> <span class='ocrx_word' id='word_1_104' title='bbox 360 942 433 972; x_wconf 89' lang='lat' dir='ltr'><strong><em>Div.</em></strong></span> <span class='ocrx_word' id='word_1_105' title='bbox 454 942 494 979; x_wconf 89' lang='lat' dir='ltr'><strong><em>V,</em></strong></span> <span class='ocrx_word' id='word_1_106' title='bbox 512 945 541 976; x_wconf 70' lang='lat'><strong><em>9,</em></strong></span> <span class='ocrx_word' id='word_1_107' title='bbox 559 942 666 983; x_wconf 89' lang='lat' dir='ltr'><strong><em>populi</em></strong></span> <span class='ocrx_word' id='word_1_108' title='bbox 682 942 857 973; x_wconf 83' lang='lat' dir='ltr'><strong><em>Dalmatiae.</em></strong></span> 
     </span>
    </p>

    <p class='ocr_par' dir='ltr' id='par_1_10' title="bbox 118 985 1010 1067">
     <span class='ocr_line' id='line_1_18' title="bbox 165 985 1010 1026; baseline 0.001 -11"><span class='ocrx_word' id='word_1_109' title='bbox 165 986 319 1015; x_wconf 69' lang='lat' dir='ltr'><strong><em>Vaticanus</em></strong></span> <span class='ocrx_word' id='word_1_110' title='bbox 335 996 420 1024; x_wconf 70' lang='lat' dir='ltr'><strong><em>ager,</em></strong></span> <span class='ocrx_word' id='word_1_111' title='bbox 436 986 545 1026; x_wconf 84' lang='lat' dir='ltr'>Agrar.</span> <span class='ocrx_word' id='word_1_112' title='bbox 563 986 611 1021; x_wconf 82' lang='grc' dir='ltr'><strong><em>ΙΙ,</em></strong></span> <span class='ocrx_word' id='word_1_113' title='bbox 628 987 682 1021; x_wconf 77' lang='lat'><strong><em>35,</em></strong></span> <span class='ocrx_word' id='word_1_114' title='bbox 700 986 777 1016; x_wconf 82' lang='lat' dir='ltr'><strong><em>circa</em></strong></span> <span class='ocrx_word' id='word_1_115' title='bbox 792 992 929 1016; x_wconf 87' lang='lat' dir='ltr'>montem</span> <span class='ocrx_word' id='word_1_116' title='bbox 945 985 1010 1017; x_wconf 85' lang='lat' dir='ltr'><strong><em>Va-</em></strong></span> 
     </span>
     <span class='ocr_line' id='line_1_19' title="bbox 118 1027 795 1067; baseline 0 -9"><span class='ocrx_word' id='word_1_117' title='bbox 118 1028 265 1065; x_wconf 81' lang='lat' dir='ltr'><strong><em>ticanum,</em></strong></span> <span class='ocrx_word' id='word_1_118' title='bbox 283 1034 365 1057; x_wconf 84' lang='lat' dir='ltr'>trans</span> <span class='ocrx_word' id='word_1_119' title='bbox 382 1027 532 1064; x_wconf 83' lang='lat' dir='ltr'><strong><em>Tiberim,</em></strong></span> <span class='ocrx_word' id='word_1_120' title='bbox 547 1029 636 1067; x_wconf 76' lang='lat' dir='ltr'>juxta</span> <span class='ocrx_word' id='word_1_121' title='bbox 649 1029 795 1058; x_wconf 85' lang='lat' dir='ltr'><strong>Romam.</strong></span> 
     </span>
    </p>

    <p class='ocr_par' dir='ltr' id='par_1_11' title="bbox 118 1070 1012 1155">
     <span class='ocr_line' id='line_1_20' title="bbox 168 1070 1012 1111; baseline 0.002 -10"><span class='ocrx_word' id='word_1_122' title='bbox 168 1072 240 1108; x_wconf 83' lang='lat' dir='ltr'><strong><em>Veii,</em></strong></span> <span class='ocrx_word' id='word_1_123' title='bbox 256 1072 329 1100; x_wconf 89' lang='lat' dir='ltr'>urbs</span> <span class='ocrx_word' id='word_1_124' title='bbox 345 1070 496 1100; x_wconf 63' lang='lat' dir='ltr'><strong><em>Etruriae:</em></strong></span> <span class='ocrx_word' id='word_1_125' title='bbox 526 1071 605 1101; x_wconf 87' lang='lat' dir='ltr'><strong>unde</strong></span> <span class='ocrx_word' id='word_1_126' title='bbox 625 1071 724 1101; x_wconf 59' lang='lat' dir='ltr'><strong><em>Veiens</em></strong></span> <span class='ocrx_word' id='word_1_127' title='bbox 739 1083 809 1111; x_wconf 66' lang='lat' dir='ltr'><strong><em>ager</em></strong></span> <span class='ocrx_word' id='word_1_128' title='bbox 818 1084 830 1109; x_wconf 83' lang='lat'><strong><em>‚·</em></strong></span> <span class='ocrx_word' id='word_1_129' title='bbox 856 1078 885 1102; x_wconf 88' lang='lat' dir='ltr'><strong><em>et</em></strong></span> <span class='ocrx_word' id='word_1_130' title='bbox 909 1073 1012 1103; x_wconf 78' lang='lat' dir='ltr'><strong><em>Veien-</em></strong></span> 
     </span>
     <span class='ocr_line' id='line_1_21' title="bbox 118 1113 780 1155; baseline -0.002 -11"><span class='ocrx_word' id='word_1_131' title='bbox 118 1119 170 1149; x_wconf 79' lang='lat' dir='ltr'><strong><em>tes,</em></strong></span> <span class='ocrx_word' id='word_1_132' title='bbox 185 1114 318 1154; x_wconf 88' lang='lat' dir='ltr'><strong>populus</strong></span> <span class='ocrx_word' id='word_1_133' title='bbox 330 1113 474 1151; x_wconf 85' lang='lat' dir='ltr'><strong><em>Etruriae,</em></strong></span> <span class='ocrx_word' id='word_1_134' title='bbox 492 1115 579 1152; x_wconf 87' lang='lat' dir='ltr'><strong>cujus</strong></span> <span class='ocrx_word' id='word_1_135' title='bbox 594 1120 684 1155; x_wconf 86' lang='lat' dir='ltr'>caput</span> <span class='ocrx_word' id='word_1_136' title='bbox 701 1114 780 1144; x_wconf 74' lang='lat' dir='ltr'><strong><em>Veii.</em></strong></span> 
     </span>
    </p>

    <p class='ocr_par' dir='ltr' id='par_1_12' title="bbox 168 1156 920 1198">
     <span class='ocr_line' id='line_1_22' title="bbox 168 1156 920 1198; baseline 0 -11"><span class='ocrx_word' id='word_1_137' title='bbox 168 1158 330 1193; x_wconf 70' lang='lat' dir='ltr'><strong><em>Veientium,</em></strong></span> <span class='ocrx_word' id='word_1_138' title='bbox 343 1156 381 1186; x_wconf 86' lang='lat' dir='ltr'><strong><em>ad</em></strong></span> <span class='ocrx_word' id='word_1_139' title='bbox 394 1156 463 1186; x_wconf 82' lang='lat' dir='ltr'>Att.</span> <span class='ocrx_word' id='word_1_140' title='bbox 482 1156 543 1193; x_wconf 85' lang='lat' dir='ltr'><strong><em>IV,</em></strong></span> <span class='ocrx_word' id='word_1_141' title='bbox 563 1158 613 1194; x_wconf 78' lang='grc'><strong><em>16,</em></strong></span> <span class='ocrx_word' id='word_1_142' title='bbox 628 1157 725 1187; x_wconf 85' lang='lat' dir='ltr'><strong><em>tribus</em></strong></span> <span class='ocrx_word' id='word_1_143' title='bbox 740 1167 810 1198; x_wconf 80' lang='lat' dir='ltr'><strong><em>pop.</em></strong></span> <span class='ocrx_word' id='word_1_144' title='bbox 828 1158 920 1188; x_wconf 83' lang='lat' dir='ltr'><strong><em>Rom.</em></strong></span> 
     </span>
    </p>

    <p class='ocr_par' dir='ltr' id='par_1_13' title="bbox 120 1199 1014 1283">
     <span class='ocr_line' id='line_1_23' title="bbox 168 1199 1014 1240; baseline 0.002 -10"><span class='ocrx_word' id='word_1_145' title='bbox 168 1201 263 1236; x_wconf 71' lang='lat' dir='ltr'><strong><em>Velia,</em></strong></span> <span class='ocrx_word' id='word_1_146' title='bbox 279 1199 427 1239; x_wconf 87' lang='lat' dir='ltr'><strong><em>oppidum</em></strong></span> <span class='ocrx_word' id='word_1_147' title='bbox 445 1199 601 1236; x_wconf 79' lang='lat' dir='ltr'><strong><em>Lucaniae,</em></strong></span> <span class='ocrx_word' id='word_1_148' title='bbox 618 1200 795 1240; x_wconf 76' lang='lat' dir='ltr'><strong><em>proximum</em></strong></span> <span class='ocrx_word' id='word_1_149' title='bbox 808 1201 900 1230; x_wconf 83' lang='lat' dir='ltr'><strong><em>fluvio</em></strong></span> <span class='ocrx_word' id='word_1_150' title='bbox 917 1201 1014 1232; x_wconf 87' lang='lat' dir='ltr'><strong>Hale-</strong></span> 
     </span>
     <span class='ocr_line' id='line_1_24' title="bbox 120 1242 655 1283; baseline -0.002 -10"><span class='ocrx_word' id='word_1_151' title='bbox 120 1243 164 1279; x_wconf 76' lang='lat' dir='ltr'><strong><em>ti3</em></strong></span> <span class='ocrx_word' id='word_1_152' title='bbox 189 1243 227 1273; x_wconf 87' lang='lat' dir='ltr'><strong><em>ad</em></strong></span> <span class='ocrx_word' id='word_1_153' title='bbox 239 1242 320 1283; x_wconf 88' lang='lat' dir='ltr'><strong><em>quod</em></strong></span> <span class='ocrx_word' id='word_1_154' title='bbox 337 1249 380 1272; x_wconf 75' lang='lat' dir='ltr'><strong><em>est</em></strong></span> <span class='ocrx_word' id='word_1_155' title='bbox 395 1248 500 1282; x_wconf 84' lang='lat' dir='ltr'>portus</span> <span class='ocrx_word' id='word_1_156' title='bbox 518 1242 655 1272; x_wconf 77' lang='lat' dir='ltr'><strong><em>Velinus.</em></strong></span> 
     </span>
    </p>

    <p class='ocr_par' dir='ltr' id='par_1_14' title="bbox 122 1284 1014 1369">
     <span class='ocr_line' id='line_1_25' title="bbox 168 1284 1014 1326; baseline 0.002 -11"><span class='ocrx_word' id='word_1_157' title='bbox 168 1286 262 1323; x_wconf 75' lang='lat' dir='ltr'><strong><em>Velia,</em></strong></span> <span class='ocrx_word' id='word_1_158' title='bbox 279 1285 317 1315; x_wconf 87' lang='lat' dir='ltr'><strong><em>ad</em></strong></span> <span class='ocrx_word' id='word_1_159' title='bbox 332 1287 400 1314; x_wconf 83' lang='lat' dir='ltr'>Att.</span> <span class='ocrx_word' id='word_1_160' title='bbox 418 1284 497 1323; x_wconf 82' lang='lat' dir='ltr'><strong><em>VII,</em></strong></span> <span class='ocrx_word' id='word_1_161' title='bbox 515 1287 565 1324; x_wconf 77' lang='lat'><strong><em>13,</em></strong></span> <span class='ocrx_word' id='word_1_162' title='bbox 578 1286 660 1326; x_wconf 83' lang='lat' dir='ltr'><strong><em>regio</em></strong></span> <span class='ocrx_word' id='word_1_163' title='bbox 671 1286 776 1316; x_wconf 85' lang='lat' dir='ltr'><strong><em>editior</em></strong></span> <span class='ocrx_word' id='word_1_164' title='bbox 788 1286 909 1324; x_wconf 85' lang='lat' dir='ltr'><strong><em>Romae,</em></strong></span> <span class='ocrx_word' id='word_1_165' title='bbox 924 1287 1014 1318; x_wconf 82' lang='lat' dir='ltr'><strong>Pala-</strong></span> 
     </span>
     <span class='ocr_line' id='line_1_26' title="bbox 122 1327 1006 1369; baseline 0.002 -11"><span class='ocrx_word' id='word_1_166' title='bbox 122 1328 186 1359; x_wconf 78' lang='lat' dir='ltr'><strong><em>tino</em></strong></span> <span class='ocrx_word' id='word_1_167' title='bbox 201 1328 298 1358; x_wconf 82' lang='lat' dir='ltr'><strong><em>monti</em></strong></span> <span class='ocrx_word' id='word_1_168' title='bbox 313 1327 493 1369; x_wconf 83' lang='lat' dir='ltr'><strong><em>propinqua.</em></strong></span> <span class='ocrx_word' id='word_1_169' title='bbox 1003 1335 1006 1338; x_wconf 63' lang='lat'><em>⁴</em></span> 
     </span>
    </p>

    <p class='ocr_par' dir='ltr' id='par_1_15' title="bbox 123 1371 1014 1445">
     <span class='ocr_line' id='line_1_27' title="bbox 171 1371 1014 1413; baseline 0.002 -12"><span class='ocrx_word' id='word_1_170' title='bbox 171 1372 321 1408; x_wconf 78' lang='lat' dir='ltr'><strong><em>Velienses,</em></strong></span> <span class='ocrx_word' id='word_1_171' title='bbox 334 1381 388 1411; x_wconf 89' lang='lat' dir='ltr'><strong><em>pro</em></strong></span> <span class='ocrx_word' id='word_1_172' title='bbox 404 1371 496 1402; x_wconf 86' lang='lat' dir='ltr'><strong><em>Corn.</em></strong></span> <span class='ocrx_word' id='word_1_173' title='bbox 513 1372 626 1410; x_wconf 77' lang='lat' dir='ltr'><strong><em>Balbo,</em></strong></span> <span class='ocrx_word' id='word_1_174' title='bbox 643 1373 697 1409; x_wconf 75' lang='lat'><strong><em>24,</em></strong></span> <span class='ocrx_word' id='word_1_175' title='bbox 711 1372 817 1403; x_wconf 85' lang='lat' dir='ltr'><strong><em>incolae</em></strong></span> <span class='ocrx_word' id='word_1_176' title='bbox 832 1372 936 1413; x_wconf 84' lang='lat' dir='ltr'><strong><em>oppidi</em></strong></span> <span class='ocrx_word' id='word_1_177' title='bbox 953 1373 1014 1404; x_wconf 90' lang='lat' dir='ltr'><strong><em>Ve-</em></strong></span> 
     </span>
     <span class='ocr_line' id='line_1_28' title="bbox 123 1415 181 1445; baseline 0 -1"><span class='ocrx_word' id='word_1_178' title='bbox 123 1415 181 1445; x_wconf 81' lang='lat' dir='ltr'><strong><em>liae.</em></strong></span> 
     </span>
    </p>

    <p class='ocr_par' dir='ltr' id='par_1_16' title="bbox 170 1456 870 1499">
     <span class='ocr_line' id='line_1_29' title="bbox 170 1456 870 1499; baseline 0.003 -12"><span class='ocrx_word' id='word_1_179' title='bbox 170 1458 281 1494; x_wconf 78' lang='lat' dir='ltr'><strong><em>Velina,</em></strong></span> <span class='ocrx_word' id='word_1_180' title='bbox 298 1456 336 1487; x_wconf 84' lang='lat' dir='ltr'><strong><em>ad</em></strong></span> <span class='ocrx_word' id='word_1_181' title='bbox 348 1457 416 1487; x_wconf 80' lang='lat' dir='ltr'><strong>Att.</strong></span> <span class='ocrx_word' id='word_1_182' title='bbox 431 1457 492 1493; x_wconf 87' lang='lat' dir='ltr'><strong><em>IV,</em></strong></span> <span class='ocrx_word' id='word_1_183' title='bbox 513 1459 563 1495; x_wconf 81' lang='lat'><strong><em>15,</em></strong></span> <span class='ocrx_word' id='word_1_184' title='bbox 577 1459 673 1489; x_wconf 85' lang='lat' dir='ltr'><strong><em>tribus</em></strong></span> <span class='ocrx_word' id='word_1_185' title='bbox 689 1469 759 1499; x_wconf 89' lang='lat' dir='ltr'><strong><em>pop.</em></strong></span> <span class='ocrx_word' id='word_1_186' title='bbox 777 1459 870 1489; x_wconf 86' lang='lat' dir='ltr'><strong><em>Rom.</em></strong></span> 
     </span>
    </p>

    <p class='ocr_par' dir='ltr' id='par_1_17' title="bbox 123 1501 1014 1574">
     <span class='ocr_line' id='line_1_30' title="bbox 169 1501 1014 1543; baseline 0.004 -13"><span class='ocrx_word' id='word_1_187' title='bbox 169 1501 288 1531; x_wconf 80' lang='lat' dir='ltr'><strong><em>Velinus</em></strong></span> <span class='ocrx_word' id='word_1_188' title='bbox 305 1502 392 1538; x_wconf 71' lang='lat' dir='ltr'><strong><em>lacus,</em></strong></span> <span class='ocrx_word' id='word_1_189' title='bbox 416 1501 455 1530; x_wconf 84' lang='lat' dir='ltr'><strong><em>ad</em></strong></span> <span class='ocrx_word' id='word_1_190' title='bbox 476 1502 542 1531; x_wconf 84' lang='lat' dir='ltr'><strong>Att.</strong></span> <span class='ocrx_word' id='word_1_191' title='bbox 560 1501 621 1539; x_wconf 90' lang='lat' dir='ltr'><strong><em>IV,</em></strong></span> <span class='ocrx_word' id='word_1_192' title='bbox 642 1502 691 1539; x_wconf 81' lang='lat'><strong><em>15,</em></strong></span> <span class='ocrx_word' id='word_1_193' title='bbox 713 1512 807 1543; x_wconf 83' lang='lat' dir='ltr'>prope</span> <span class='ocrx_word' id='word_1_194' title='bbox 823 1502 945 1533; x_wconf 83' lang='lat' dir='ltr'><strong><em>Veliam</em></strong></span> <span class='ocrx_word' id='word_1_195' title='bbox 962 1514 1014 1533; x_wconf 90' lang='lat' dir='ltr'><strong><em>ur-</em></strong></span> 
     </span>
     <span class='ocr_line' id='line_1_31' title="bbox 123 1545 205 1574; baseline 0 0"><span class='ocrx_word' id='word_1_196' title='bbox 123 1545 205 1574; x_wconf 87' lang='lat' dir='ltr'><strong>bem.</strong></span> 
     </span>
    </p>

    <p class='ocr_par' dir='ltr' id='par_1_18' title="bbox 123 1586 1016 1670">
     <span class='ocr_line' id='line_1_32' title="bbox 169 1586 1016 1629; baseline 0.004 -13"><span class='ocrx_word' id='word_1_197' title='bbox 169 1586 339 1626; x_wconf 66' lang='lat' dir='ltr'><strong><em>Ventgfrani,</em></strong></span> <span class='ocrx_word' id='word_1_198' title='bbox 361 1586 466 1617; x_wconf 88' lang='lat' dir='ltr'><strong><em>incolae</em></strong></span> <span class='ocrx_word' id='word_1_199' title='bbox 482 1587 586 1628; x_wconf 86' lang='lat' dir='ltr'><strong><em>oppidi</em></strong></span> <span class='ocrx_word' id='word_1_200' title='bbox 614 1587 745 1628; x_wconf 75' lang='lat' dir='ltr'><strong><em>Venafri,</em></strong></span> <span class='ocrx_word' id='word_1_201' title='bbox 762 1589 845 1629; x_wconf 85' lang='lat' dir='ltr'><strong><em>quod</em></strong></span> <span class='ocrx_word' id='word_1_202' title='bbox 862 1594 906 1619; x_wconf 86' lang='lat' dir='ltr'><strong><em>est</em></strong></span> <span class='ocrx_word' id='word_1_203' title='bbox 918 1594 1016 1619; x_wconf 80' lang='lat' dir='ltr'>extre-</span> 
     </span>
     <span class='ocr_line' id='line_1_33' title="bbox 123 1629 927 1670; baseline 0.004 -12"><span class='ocrx_word' id='word_1_204' title='bbox 123 1639 211 1659; x_wconf 88' lang='lat' dir='ltr'><strong><em>mum</em></strong></span> <span class='ocrx_word' id='word_1_205' title='bbox 228 1629 405 1670; x_wconf 84' lang='lat' dir='ltr'><strong><em>Campaniae</em></strong></span> <span class='ocrx_word' id='word_1_206' title='bbox 420 1630 451 1659; x_wconf 90' lang='lat' dir='ltr'><strong><em>in</em></strong></span> <span class='ocrx_word' id='word_1_207' title='bbox 467 1630 713 1670; x_wconf 83' lang='lat' dir='ltr'><strong><em>Septemtriones,</em></strong></span> <span class='ocrx_word' id='word_1_208' title='bbox 729 1632 830 1662; x_wconf 84' lang='lat' dir='ltr'><strong><em>nobile</em></strong></span> <span class='ocrx_word' id='word_1_209' title='bbox 845 1632 927 1662; x_wconf 84' lang='lat' dir='ltr'><strong><em>oleis.</em></strong></span> 
     </span>
    </p>

    <p class='ocr_par' dir='ltr' id='par_1_19' title="bbox 124 1672 1015 1755">
     <span class='ocr_line' id='line_1_34' title="bbox 175 1672 1015 1714; baseline 0.004 -12"><span class='ocrx_word' id='word_1_210' title='bbox 175 1672 308 1709; x_wconf 78' lang='lat' dir='ltr'><strong><em>Venusia,</em></strong></span> <span class='ocrx_word' id='word_1_211' title='bbox 327 1672 476 1713; x_wconf 84' lang='lat' dir='ltr'><strong><em>oppidum</em></strong></span> <span class='ocrx_word' id='word_1_212' title='bbox 498 1673 529 1703; x_wconf 85' lang='lat' dir='ltr'><strong><em>in</em></strong></span> <span class='ocrx_word' id='word_1_213' title='bbox 550 1673 661 1704; x_wconf 87' lang='lat' dir='ltr'><strong><em>finibus</em></strong></span> <span class='ocrx_word' id='word_1_214' title='bbox 680 1674 801 1714; x_wconf 84' lang='lat' dir='ltr'><strong><em>Apuliae</em></strong></span> <span class='ocrx_word' id='word_1_215' title='bbox 813 1683 842 1706; x_wconf 84' lang='lat' dir='ltr'><strong><em>et</em></strong></span> <span class='ocrx_word' id='word_1_216' title='bbox 858 1674 1015 1713; x_wconf 83' lang='lat' dir='ltr'><strong><em>Lucaniae,</em></strong></span> 
     </span>
     <span class='ocr_line' id='line_1_35' title="bbox 124 1715 766 1755; baseline 0.005 -10"><span class='ocrx_word' id='word_1_217' title='bbox 124 1715 222 1755; x_wconf 81' lang='lat' dir='ltr'><strong><em>patria</em></strong></span> <span class='ocrx_word' id='word_1_218' title='bbox 237 1715 359 1747; x_wconf 85' lang='lat' dir='ltr'><strong><em>Horatii</em></strong></span> <span class='ocrx_word' id='word_1_219' title='bbox 370 1715 493 1754; x_wconf 69' lang='lat' dir='ltr'><strong><em>Flacci,</em></strong></span> <span class='ocrx_word' id='word_1_220' title='bbox 518 1716 598 1748; x_wconf 87' lang='lat' dir='ltr'><strong>unde</strong></span> <span class='ocrx_word' id='word_1_221' title='bbox 618 1717 766 1748; x_wconf 74' lang='lat' dir='ltr'><strong><em>Venusini.</em></strong></span> 
     </span>
    </p>
   </div>
  </div>
 </body>
</html>
