1122 1868
149 49 189 78 20
416 45 561 77 INDEX
586 45 756 78 LEGUM.

149 139 209 169 tur,
226 136 278 162 aut
292 132 327 162 iis
342 131 452 162 finibus
468 132 708 172 circumscriptus
722 137 796 162 esset
810 132 874 171 ejus
888 142 971 169 usus,
989 138 1024 162 ut

150 186 217 205 raro
231 175 410 205 intercedere
425 175 533 205 liceret.
557 176 657 205 Locus
677 174 801 204 Caesaris
817 174 934 206 videtur
948 175 1027 204 indi-

150 228 227 256 care,
243 217 362 247 licuisse
381 217 571 254 intercedere,
591 218 614 247 si
630 217 697 257 quis
717 217 772 246 suit
787 223 888 257 sponte
903 218 1028 248 interce.

151 260 242 290 deret.
267 260 472 300 Reprehendit
488 260 568 290 enim
584 266 734 296 senatum,
751 259 802 299 qui
818 260 908 290 talem
924 261 1028 290 Anto-

151 303 193 332 nii
217 303 455 333 intercessionem
482 303 654 332 sustulerit:
679 312 739 331 non
766 312 834 332 cum
862 303 1029 343 appellatus

151 352 235 375 esset.
260 346 355 383 Nam,
369 345 392 375 si
408 345 505 375 omnis
516 344 645 385 dignitas
660 345 780 375 ademta
795 352 847 382 est,
864 345 954 375 etiam
966 344 1030 375 haec

150 389 251 418 ablata
265 388 355 418 fuerit
370 398 486 418 necesse
502 394 556 424 est,
577 398 614 417 ne
637 387 781 428 appellari
797 393 919 428 possent
934 387 1029 417 tribu-

151 431 203 466 ni;
228 431 259 460 in
283 441 344 471 quo
368 431 503 460 maxima
522 430 661 470 dignitas.
686 430 823 470 Pighius,
844 430 883 459 ad
902 441 929 460 a.
952 430 1026 467 672,

151 473 252 509 tradit,
269 478 391 503 cautum
406 473 472 513 lege
489 471 629 503 Corneli&
644 472 745 509 fuisse,
758 483 795 502 ne
809 472 1030 513 appellantibus

151 526 240 556 opem
256 516 377 553 ferrent,
394 515 450 545 nisi
470 515 631 554 jurassent,
652 526 682 545 se
696 515 781 545 aliter
794 525 881 555 aequo
901 516 970 554 jure
984 514 1029 544 uti

152 568 212 588 non
237 568 330 599 posse.
356 558 394 588 Id
417 558 498 588 unde
520 558 661 595 hauserit,
686 558 800 587 nescio:
826 558 907 598 quod
928 563 1029 587 tamen

151 607 195 631 est
209 601 383 639 absurdum.
408 600 491 630 Illud
512 606 626 630 certum
643 606 696 638 est,
713 600 833 641 culpam
848 602 886 630 ab
902 599 1028 641 Opimio

149 644 340 674 commissam
357 654 402 681 eo,
418 643 499 684 quod
514 643 610 673 alieno
625 644 689 673 loco
704 643 917 673 intercesserat.

197 688 254 717 Cn.
274 688 410 717 Cornelii
428 692 457 716 et
476 687 514 717 L.
538 686 640 717 Gellii.
666 685 737 717 Vid.
754 686 791 716 L.
811 686 904 716 Gellii
922 688 951 715 et
968 685 1027 716 Cu.

155 730 301 760 Cornelii.

196 773 342 802 Corneliae
369 771 404 801 C.
434 770 567 803 Cornelii
595 771 663 813 (qui
692 771 760 801 trib.
788 770 885 811 plebis
913 770 955 800 A.
985 769 1027 800 U.

151 815 212 844 686
236 814 308 854 fuit)
331 821 536 844 memorantur
559 816 597 844 ab
618 813 750 844 Asconio
774 813 906 843 Pediano
921 813 952 842 in
968 813 1028 843 Ar-

149 868 235 898 gum.
258 857 411 888 Orationis
426 868 480 897 pro
499 858 617 888 Cornel.
642 857 680 887 Iu
703 856 739 886 iis
757 856 872 896 legibus
887 855 1027 893 ferendiS,

151 910 221 930 cum
237 900 370 930 multum
388 901 544 930 turbarum
559 906 660 930 ortum
680 905 765 937 esset,
785 898 954 929 intercessio
968 898 1030 928 col-

150 943 226 983 legae
241 943 386 983 neglecta,
407 943 499 973 fasces
520 943 648 973 consulis
668 941 764 979 fracti,
788 942 844 972 &c.
865 941 1029 980 majestatis

150 996 218 1016 reus
246 985 342 1016 factus
367 990 422 1023 est,
448 991 573 1026 praetore
599 984 741 1016 Cicerone
770 983 954 1014 defendente.
987 983 1027 1014 V.

152 1028 231 1068 inpr.
259 1028 353 1058 Dion.
379 1027 462 1059 Cass.
487 1028 541 1059 lib.
563 1029 615 1058 36.
649 1028 687 1057 In
710 1027 837 1065 duabus,
862 1037 931 1066 quae
959 1036 1027 1066 per-

150 1071 221 1101 latae
247 1076 328 1107 sunt,
353 1070 411 1100 fuit
434 1071 518 1100 haec:
551 1075 586 1101 ut
604 1074 750 1110 pratorcs
774 1079 810 1099 em
833 1070 938 1099 edictis
963 1069 1028 1098 suis

146 1115 304 1153 perpetuis
321 1115 511 1154 judicarent,
531 1113 562 1143 h.
584 1123 609 1144 e.
634 1112 728 1143 edicto
751 1122 862 1149 annuo,
883 1111 939 1141 nisi
960 1111 1028 1152 quis

152 1156 239 1186 malit
267 1157 364 1196 legere
387 1160 547 1196 perpetuo,
571 1156 592 1186 i.
613 1166 638 1186 e.
668 1155 732 1186 sine
757 1154 918 1189 varietate3
946 1154 1028 1194 quod

152 1199 240 1228 valde
254 1198 407 1239 probabile
422 1198 493 1228 facit
506 1199 529 1229 J
533 1221 540 1228 .
551 1199 593 1228 A.
607 1198 750 1234 Bachius,
767 1197 806 1227 V.
818 1197 881 1227 Cel.
897 1196 928 1225 in
945 1196 1029 1226 Hist.

152 1241 223 1270 Jur.
242 1252 272 1282 p.
290 1242 362 1271 208.
386 1241 445 1272 Sed
464 1241 640 1281 praetoribus
661 1240 778 1271 videtur
797 1239 916 1270 licuisse
938 1239 1028 1269 etiam

152 1293 191 1313 ex
217 1289 351 1324 tempore
379 1284 518 1324 quaedam
548 1284 671 1321 edicere,
702 1282 870 1321 cujusmodi
898 1281 1030 1312 edictum

153 1332 417 1364 commemoratur,
434 1326 485 1356 sed
499 1326 690 1367 provinciale,
708 1326 795 1356 Verr.
809 1324 870 1363 IV,
892 1325 940 1354 14.
964 1324 1030 1354 Sal-

154 1374 215 1399 tem
235 1369 266 1398 id
284 1369 340 1399 sibi
361 1369 499 1400 videntur
516 1369 640 1410 quidam
662 1368 835 1408 arrogasse:
859 1367 908 1398 cui
929 1367 1031 1407 generi

151 1420 298 1452 perpetua
315 1418 517 1453 opponuntur.
542 1412 619 1451 Ejus
638 1411 712 1451 legis
732 1421 800 1451 quae
814 1410 857 1441 vis
871 1409 972 1448 fuerit,
989 1409 1030 1440 V.

153 1465 202 1495 ap.
220 1454 357 1486 Perizon.
372 1455 408 1485 de
424 1455 507 1495 Lege
522 1455 636 1485 Vocon.
652 1465 682 1494 p·
702 1455 768 1484 193.

198 1498 341 1528 Cornelia
359 1498 394 1527 de
414 1499 625 1528 libertinorum
644 1497 812 1536 suffragiis,
828 1506 896 1536 quae
910 1500 940 1525 et
954 1495 1031 1525 Ma-

152 1541 230 1570 uilia
248 1540 377 1577 dicitur;
401 1540 438 1570 de
457 1541 519 1581 qu&
533 1551 562 1571 v.
580 1540 667 1570 infra.
690 1539 770 1569 Eam
785 1544 936 1569 aecusator
956 1537 1033 1569 Cor-

153 1582 226 1612 nelii
237 1582 353 1613 dixerat
367 1594 385 1614 a
397 1583 545 1621 Cornelio,
559 1583 626 1614 trib.
639 1583 680 1623 pl.
696 1592 766 1613 cum
778 1580 919 1619 Manilio,
930 1581 1031 1611 datam

154 1635 227 1656 esse.

200 1669 236 1699 C.
255 1669 359 1706 Cottas,
376 1668 475 1699 fratris
494 1669 531 1699 L.
547 1668 626 1699 Aur.
643 1668 751 1705 Cottae,
767 1667 847 1708 leges
861 1675 1030 1697 memoran-

152 1717 203 1741 tur
235 1712 266 1741 in
289 1712 466 1753 fragmentis
500 1711 685 1742 Cornelianae
712 1711 747 1741 I:
779 1710 816 1740 de
844 1710 939 1750 iisque
967 1709 1030 1750 ipse

154 1754 334 1795 abrogandis
360 1754 398 1786 ad
418 1760 555 1787 senatum
576 1754 709 1787 retulisse
732 1753 848 1785 dicitur.
871 1752 926 1784 Eae
941 1762 1030 1793 quor·
