1122 1868
152 48 172 76 8
418 45 566 78 INDEX
591 45 763 76 LEGUM.

148 132 257 172 Itaque
277 140 435 172 nunquam
463 138 614 162 servatum
638 131 676 161 de
702 132 785 168 coelo,
810 132 884 172 quin
908 134 1029 165 coniitia

144 175 329 205 tollerentur.
354 174 416 204 Cic.
430 175 460 204 in
474 175 580 205 Vatin.
594 185 619 204 c.
634 175 653 209 7
663 185 671 203 :
688 185 766 204 num
778 185 867 213 quem
878 181 947 214 post
968 178 1028 207 Ur-

142 218 210 247 bem
225 218 384 246 conditam
399 219 458 247 scis
473 218 632 248 tribunum
654 218 698 255 pl.
724 218 817 255 egisse
841 228 913 248 cum
932 220 1025 257 plebe,

140 270 213 290 cum
228 265 377 289 constaret
390 266 543 291 servatum
558 271 619 291 esse
634 261 670 289 de
685 261 755 289 ccrlo
769 260 784 289 ‚⁶2
810 260 889 290 Phil.
907 261 954 297 11,
971 263 1024 299 32,

142 303 345 342 quisquamne
360 304 501 333 divinare
521 309 627 342 potest,
644 304 720 341 quid
734 303 800 332 vitii
827 305 861 333 in
877 305 1025 342 auspiciis

125 346 290 386 ficturum
311 347 359 380 sit,
376 347 438 376 nisi
454 349 519 385 quis
541 349 578 376 de
601 347 669 375 cwlo
691 356 814 375 servare
837 347 993 377 constituit
1006 349 1022 377 52

141 389 225 418 Nam
241 388 292 428 qui
308 389 364 418 hoc
379 389 543 426 constituit,
567 399 602 420 eo
617 388 719 418 animo
733 388 815 425 facit,
831 394 865 418 ut
879 389 1023 429 impediat

139 431 271 466 comitia,
288 431 369 461 unde
380 431 475 461 facilis
490 431 643 461 divinatio.
666 431 703 460 cf.
720 442 749 471 p.
764 430 855 460 Doni.
877 432 923 460 15.
948 432 1024 463 Haec

139 473 355 504 confirmantur
370 474 488 514 egregio
499 475 563 504 loco
579 473 687 503 Dionis
700 474 782 504 Cass.
796 473 848 504 lib.
860 475 912 511 38,
925 485 954 514 p.
969 476 1021 513 66,

140 522 216 546 extr.
234 515 293 549 (ed.
305 516 439 546 Reimar.
456 528 486 557 p.
505 518 575 553 160,
589 515 670 554 init.)
682 516 719 546 de
730 516 795 556 lege
805 526 822 545 a
833 516 938 546 Clodio
948 517 1021 555 lata,

141 559 203 599 qua
218 559 334 589 solutus
350 565 393 589 est
407 570 425 589 a
441 560 506 600 lege
522 558 615 589 AElia.
648 560 741 589 Porro
765 569 884 589 servare
899 561 936 589 de
951 562 1021 590 ca‘lo

140 606 184 631 est
199 601 444 641 magistratuum,
469 608 509 639 et,
533 602 557 631 si
578 601 770 641 magistratus
791 602 907 640 jubeat,
926 613 1022 642 augu-

140 654 208 673 rum
220 655 230 680 3
254 644 334 674 unde
348 645 428 674 male
442 644 581 675 nonnulli
593 644 726 685 primum
739 650 828 684 caput
843 645 916 684 legis
931 645 1023 675 AEliae

139 686 180 716 sic
195 686 377 726 concipiunt,
388 693 421 717 ut
438 698 572 726 augures
587 689 624 717 de
639 688 709 717 calo
724 692 888 716 servarent.
912 687 1022 728 Itaque

138 735 168 758 et
183 729 322 759 tribunus
332 730 374 769 pl.
385 731 505 760 Sextius
514 731 551 760 de
561 731 633 760 coelo
643 730 772 759 serviisse
782 730 921 767 traditur,
938 732 1020 760 Sext.

137 772 189 801 36.
224 772 367 811 Augures
391 783 478 812 porro
507 774 655 803 nuntiare
681 772 788 801 vitium
818 772 1018 812 auspiciorum

137 820 263 854 possunt
278 815 478 854 magistratui,
495 816 546 845 scd
562 826 621 845 non
634 816 829 852 obnuntiare,
846 815 909 845 h.e.
923 815 1020 845 dicere

135 858 199 886 alio
215 858 284 886 die.-
301 857 357 887 hoc
372 863 416 888 est
430 858 654 899 magistratibus
673 858 839 898 proprium.
872 857 952 887 Phil.
971 858 1018 897 11,

139 900 191 929 32.

178 943 265 972 AElia
282 943 399 981 Sentia,
417 943 523 984 Topic.
539 954 563 974 c.
580 945 612 980 2,
626 944 713 982 jubet
727 944 851 973 assiduo
865 943 1016 973 vindicem

134 987 296 1016 assiduum
312 996 384 1022 esse,
400 986 431 1015 h.
448 997 472 1016 e.
488 986 668 1026 locupletem
691 986 844 1026 locupleti,
866 996 904 1016 ex
926 986 1017 1016 inter-

134 1028 299 1068 pretatione
311 1028 397 1058 AElii.
420 1030 486 1060 Lea¹
501 1030 587 1059 AElia
603 1030 709 1059 Senem
725 1028 762 1058 de
773 1028 1017 1058 manumissioni-

133 1072 190 1100 bus
211 1070 280 1101 satis
295 1077 367 1101 nota
381 1077 424 1101 est
439 1072 528 1102 JCtis
541 1083 550 1107 ;
575 1072 625 1102 sed
641 1082 675 1101 ea
689 1077 733 1101 est
747 1071 905 1101 consulum
920 1071 962 1100 A.
975 1071 1015 1101 U.

134 1113 208 1150 755,
232 1113 367 1154 adeoque
392 1120 460 1154 post
477 1120 606 1144 mortem
622 1114 783 1151 Ciceronis,
800 1120 934 1154 tempore
947 1114 1017 1143 Au-

130 1155 223 1195 gusti,
236 1156 306 1186 lata.
326 1156 431 1192 Porro,
442 1157 578 1187 consules
586 1156 705 1186 AElium
718 1162 746 1186 et
758 1156 896 1186 Sentium
909 1166 1015 1196 quem-

131 1198 203 1228 dam
214 1198 318 1235 simul,
331 1205 401 1229 ante
411 1199 528 1240 Topica
542 1200 661 1239 scripta,
677 1198 778 1236 fuisse,
795 1204 848 1228 aut
862 1204 1012 1238 praetores,

131 1246 185 1270 aut
197 1241 284 1271 tribb.
300 1242 341 1282 pl.
356 1242 442 1282 (nam
454 1248 484 1272 et
499 1252 515 1272 e
530 1242 647 1272 duobus
663 1241 751 1271 tribb.
768 1241 809 1282 pl.
821 1241 901 1281 leges
916 1241 1014 1271 nomi-

130 1283 208 1321 nari,
223 1283 273 1313 lex
289 1284 434 1314 Carbonis
449 1291 478 1315 et
493 1285 607 1315 Silvani
622 1283 721 1323 docet)
749 1293 809 1314 non
835 1283 1010 1324 reperimus.

130 1325 250 1366 Itaque,
267 1336 336 1356 cum
360 1337 378 1357 a
400 1327 574 1357 melioribus
588 1327 673 1357 codd.
697 1336 807 1357 nomen
826 1326 918 1365 hujus
939 1326 1013 1366 legis

129 1368 219 1405 absit,
236 1379 331 1410 eaque
353 1369 414 1407 lex,
431 1381 500 1410 quae
523 1370 642 1400 assiduo
659 1370 749 1408 jubet
773 1369 927 1399 assiduum
947 1369 1014 1398 vin-

128 1410 227 1441 dicem
243 1421 316 1449 esse,
333 1412 370 1442 sit
385 1422 401 1442 e
416 1413 486 1443 XII
503 1413 602 1443 Tabb.
618 1412 721 1453 petita,
742 1412 799 1442 hoc
813 1411 887 1451 legis
901 1420 1012 1441 nomen

130 1463 189 1483 non
205 1459 302 1494 potest
323 1465 385 1484 esse
399 1465 417 1484 a
432 1455 582 1486 Cicerone.
607 1454 799 1495 Corruptioni
814 1454 914 1484 locum
929 1453 1012 1483 dedit

130 1505 241 1525 nomen
256 1496 344 1534 AElii,
368 1497 449 1537 quod
470 1498 571 1528 statim
600 1497 768 1537 subjicitur.
806 1497 901 1535 Nam,
929 1495 1011 1536 quod

128 1538 161 1568 N
164 1538 281 1576 orisius,
295 1539 369 1569 Cen.
381 1540 442 1570 Pis.
458 1540 539 1570 Diss.
551 1541 618 1579 ΙΙΙ,
636 1542 666 1577 9,
684 1541 823 1570 Sentium
846 1549 908 1569 esse
922 1544 1010 1578 putat

127 1590 145 1610 a
168 1580 300 1618 librario,
326 1582 444 1612 AEliam
469 1593 530 1613 esse
547 1584 598 1622 jus
621 1583 781 1613 AElianum
803 1581 899 1622 (quod
921 1580 1008 1611 valde

125 1623 263 1663 placebat
283 1623 478 1662 Heineecio);
503 1626 533 1655 id
554 1626 673 1667 probari
693 1631 848 1665 propterea
872 1633 932 1653 non
953 1633 1008 1663 po-

125 1671 193 1701 test,
210 1665 282 1706 quia
295 1666 346 1697 lex
361 1674 596 1699 commemorata
613 1674 658 1699 est
673 1678 741 1699 vera
761 1667 811 1697 lex
826 1677 842 1697 e
857 1666 926 1697 XII
944 1666 1006 1696 Ta-

128 1708 218 1738 bulis.

163 1751 321 1791 Agrariae,
347 1753 515 1792 Flaminii,
540 1756 731 1794 Sempronia,
754 1754 878 1787 Thoria,
903 1752 1007 1788 Rulli,
