1122 1868
110 104 173 136 294
328 101 475 133 INDEX
500 100 786 133 HISTORICUS.

112 196 172 221 tur.
188 188 227 220 ad
252 187 327 218 Div.
343 186 441 225 VIII,
458 188 489 225 4,
512 187 667 218 absolutus
688 186 725 217 de
751 186 881 225 ambitu,
905 187 998 227 paulo

113 238 182 274 post
196 231 421 262 condemnatur.
446 231 495 261 De
511 241 546 261 eo
557 230 770 271 intelligendus
785 236 828 260 est
841 229 925 260 locus
942 239 998 270 pro

119 276 150 306 S.
164 275 276 306 Roscio
290 274 364 304 Am.
381 275 432 303 51.

162 318 212 348 M.
230 316 363 346 Messala
382 318 496 355 IVe'ger,
513 315 590 345 Sull.
607 316 636 345 6.

164 359 311 395 Messala,
328 359 367 389 ad
387 360 475 389 Brut.
504 361 550 389 15.
574 358 705 396 juvenis,
722 358 831 388 eximie
846 357 999 387 laudatur.

120 403 178 434 Est
189 402 226 439 is,
239 402 291 441 qui
303 404 359 432 sub
368 402 512 442 Augusto
527 401 667 431 inclaruit
680 411 687 429 :
705 400 742 430 de
752 411 813 441 quo
825 411 854 431 v.
863 400 1003 431 Broukh.

124 446 163 476 ad
178 445 296 476 Tibull.
317 444 344 481 1,
360 446 391 474 3.

165 488 342 523 Blessidius,
359 488 421 525 Qu.
438 487 489 516 Fr.
508 485 573 521 III,
595 490 619 515 1.
645 487 669 515 Ι.

164 528 200 559 P.
216 532 400 563 Messienus.
417 529 455 559 ad
472 529 544 558 Div.
562 527 662 565 XIII,
676 529 727 558 51.
744 539 834 569 eques
850 529 942 559 Rom.

168 573 199 602 C.
218 574 364 611 Messius,
389 573 457 602 Att.
477 570 575 607 VIII,
605 575 652 601 ll.
676 571 834 601 familiaris
858 571 1005 612 Pompeii.

124 617 194 647 Sen.
211 627 241 657 p.
260 616 360 646 Redit.
378 617 407 644 8.
424 615 493 644 trib.
512 614 553 654 pl.
573 614 609 643 P.
626 613 758 644 Lentulo
773 614 932 652 Spinthere
947 624 1006 644 cos.

123 660 222 699 legem
238 659 309 688 tulit
326 658 362 688 de
379 657 531 688 Ciceronis
549 657 654 686 salute.
689 658 760 687 Att.
785 655 845 693 IV,
867 661 892 687 1.
908 657 1007 697 legem

125 702 237 737 scribit,
254 712 316 742 qua
332 700 478 740 Pompeio
493 700 629 736 classem,
645 699 822 737 exercitum,
835 700 1007 739 pecuniam,

125 750 156 775 et
177 745 277 783 majus
300 743 462 783 imperium
487 743 518 772 in
542 742 702 782 provinciis
725 741 818 779 dedit,
838 752 931 782 quam
953 742 1013 782 ipsi

125 793 266 828 praetores
293 792 322 816 et
346 785 538 826 proconsules
562 785 723 814 habebant.
750 784 791 814 ib
825 787 870 815 15.
894 785 1012 825 legatus

128 829 267 865 Caesaris,
293 839 309 859 e
330 828 479 868 legatione
498 833 662 863 revocatus,
688 833 716 857 et
736 834 902 862 accusatus,
927 838 945 858 a
960 827 1013 858 Ci-

129 882 235 903 cerone
251 871 431 901 defenditur.
457 870 497 900 V.
515 870 574 910 Pig
575 870 617 899 hii
635 871 717 900 Ann.
734 869 829 900 adA.
844 871 916 901 696.

170 915 310 950 Metella,
329 915 394 944 Att.
414 913 476 950 XI,
495 915 545 943 23.
554 881 661 943 gBosio
679 919 709 943 et
732 913 866 943 Corrado
889 913 1008 944 videtur

128 958 229 999 pellex
245 957 414 987 Dolabellae
430 962 459 986 et
474 956 591 996 AEsopi.

174 1001 345 1036 IlIetellina,
367 999 435 1029 Att.
449 999 478 1035 Ι,
508 1003 553 1029 13.
577 1004 621 1029 est
636 997 730 1029 oratio
747 997 899 1030 Ciceronis
911 1005 1013 1031 contra

132 1043 173 1081 Q.
191 1043 356 1073 Metellum
373 1042 535 1082 Nepotem.

177 1087 308 1121 Bletellz',
335 1094 501 1124 cognomen
537 1084 739 1115 Caeciliorum.
774 1085 824 1116 De
855 1091 1015 1118 stemmate

131 1128 329 1159 Metellorum
340 1127 400 1157 vid.
417 1128 525 1157 Burm.
538 1127 577 1156 ad
593 1127 622 1156 V
624 1127 672 1156 ell.
691 1127 738 1164 II,
756 1131 785 1158 3.

177 1173 215 1201 Α.
232 1172 385 1206 Metellus,
404 1170 501 1200 Flacc.
518 1171 568 1199 40.
594 1170 642 1199 Ita
655 1169 803 1200 Gruterus
819 1181 835 1201 e
850 1171 935 1201 codd.
947 1172 1015 1202 Pal.

131 1214 225 1251 dedit,
239 1224 308 1244 cum
322 1219 391 1243 ante
406 1212 437 1242 in
450 1213 552 1252 vulgg.
567 1218 641 1242 esset
659 1212 694 1247 Q.
711 1212 754 1242 Et
763 1214 957 1244 manifestum
971 1222 1015 1245 est

132 1267 170 1287 ex
196 1262 349 1292 contextu,
375 1265 543 1285 sermonem
572 1265 634 1285 esse
665 1255 703 1284 de
728 1255 857 1287 Metello
883 1256 1013 1289 Cretico.

131 1299 211 1338 Ejus
226 1305 327 1331 autem
340 1307 513 1338 praenomen
533 1297 568 1333 Q.
586 1304 640 1333 est,
657 1307 718 1327 non
736 1300 771 1328 A.

177 1344 209 1372 C.
228 1343 383 1376 DIetellus,
409 1340 449 1378 Q.
469 1340 659 1371 Macedonici
686 1348 811 1380 quartus
835 1342 876 1372 ffl.
896 1343 1013 1382 Capra-

131 1386 210 1414 rius.
235 1384 347 1421 Quirit.
364 1395 394 1424 p.
411 1384 451 1413 R.
471 1384 501 1412 3.
524 1383 556 1413 in
572 1384 673 1413 Senat.
694 1386 741 1414 15.
758 1385 916 1416 censorius.
941 1387 1015 1417 Fuit

134 1437 238 1457 censor
252 1437 322 1456 cum
347 1426 512 1456 Numidico
523 1427 565 1456 A.
582 1426 656 1459 651.
669 1436 724 1466 pro
739 1426 779 1464 Q.
799 1428 927 1458 Metello
943 1428 1014 1459 Nu-

132 1469 243 1499 midico
255 1469 360 1499 exsule
374 1468 540 1499 intercedit.
556 1468 612 1499 Or.
627 1467 674 1505 II,
685 1469 736 1499 66.
749 1470 776 1499 ei
786 1470 956 1501 tarditatem
966 1472 1015 1502 in-

134 1511 216 1553 genii
227 1511 329 1549 objicit
344 1511 452 1552 Scipio.

184 1553 219 1583 L.
237 1554 379 1584 Metellus
407 1552 531 1591 Calvus,
551 1553 741 1584 Macedonici
764 1555 863 1586 frater.
878 1556 904 1586 F
905 1563 966 1587 ont.
990 1558 1020 1593 7.

136 1597 201 1636 ejus
211 1596 417 1626 testimonium
433 1596 465 1626 in
481 1596 521 1634 Q.
539 1597 721 1637 Pompeium
733 1597 776 1627 nil
792 1599 880 1629 valet.
901 1600 1019 1631 Consul

137 1639 196 1669 fuit
208 1639 249 1668 A.
266 1638 306 1667 U.
323 1639 398 1667 611.

182 1682 222 1711 L.
232 1682 380 1710 Metellus
392 1682 495 1711 Dz'eczd
499 1688 611 1717 matus,
628 1681 748 1713 Maced.
763 1682 804 1713 fil.
816 1684 922 1725 Sen.p
924 1685 1022 1717 ..Red

139 1725 188 1755 15.
205 1723 242 1753 ad
258 1724 346 1760 Quir.
360 1725 389 1753 3.
405 1734 458 1763 pro
475 1725 639 1755 huuudxco
649 1726 811 1756 intercedit
835 1728 948 1758 Consul
964 1729 1023 1759 fuit

137 1768 260 1804 cqu.
274 1765 416 1806 scaevola,
433 1768 474 1805 Q.
487 1767 521 1797 F.
538 1768 582 1798 A.
599 1768 638 1798 U.
652 1770 724 1798 (536.
749 1768 949 1802 Diadematus
959 1771 1021 1802 dic-
