1137 1848
360 79 509 111 INDEX
532 79 705 110 LEGUM.
957 81 976 116 7

92 171 235 207 tempore.
260 165 360 202 Cavit,
377 176 416 196 ne
430 166 499 207 quis
515 165 634 195 sibimet
648 165 706 206 ipsi
721 170 774 195 aut
789 166 909 206 collegis
924 177 978 207 po-

92 214 231 239 testatem
261 215 315 240 aut
343 209 529 240 curationem
558 208 658 238 ferret.
695 209 773 247 Ejus
802 209 916 239 mentio
946 210 978 240 in

93 251 226 292 Agraria
242 252 290 290 II,
308 253 338 282 8.

136 296 236 331 AElia,
250 296 288 325 ab
303 301 423 325 auctore
438 293 479 331 Q.
496 294 579 324 AElio
591 294 724 331 consule,
740 294 785 324 A.
795 294 834 324 U.
846 294 883 324 C.
901 295 977 333 586,

92 338 130 367 (le
147 339 294 375 comitiis,
308 337 345 367 ad
361 337 551 367 tribunoruin
568 337 720 367 seditiosas
734 337 837 377 legum
853 337 979 368 lationes

93 380 269 410 coercendas
295 386 476 420 comparata.
510 379 636 420 Pighius
663 386 764 409 autem
786 380 979 410 tribuniciam

92 428 190 463 putat,
209 424 248 452 A.
258 424 299 453 U.
311 424 372 452 516
387 423 501 459 latam;
519 422 600 462 quod
616 432 668 462 per
683 423 783 452 locum
795 422 936 452 orationis
948 423 979 453 in

94 465 197 495 Pison.
215 465 294 496 credi
309 475 369 495 non
385 471 492 505 potest.
515 465 564 494 Ea
580 471 702 495 cautum
724 472 778 501 est,
801 470 846 501 ut,
863 466 979 505 quoties

93 507 214 538 comitia
223 514 330 544 essent,
358 507 388 546 1)
404 509 440 537 cle
455 509 524 538 ccrlo
541 518 661 538 servare
672 509 775 538 liceret
786 519 796 536 .-
815 507 848 546 2)
860 509 979 538 obnun-

92 551 169 580 tiare
183 552 296 587 liceret,
313 552 598 591 obnuntiationique
621 552 725 580 cedere
746 561 864 581 necesse
879 557 952 581 esset
966 563 977 581 .·

93 594 127 629 3)
143 595 331 624 intercedere
346 595 548 631 magistratus
561 604 652 632 pares
664 600 691 623 el
703 595 823 624 tribuni
829 600 950 633 possent
964 607 976 630 ,·

93 641 128 665 ut
142 636 321 677 intelligitur
342 647 379 666 ex
396 637 449 667 Or.
477 647 530 678 pro
549 639 632 667 sext.
654 647 679 667 c.
699 638 748 674 15,
771 643 799 667 et
824 637 861 667 de
886 638 976 668 Prov.

94 678 185 709 Cous.
202 690 227 709 c.
248 681 295 710 19.
329 679 407 718 Ejus
431 680 545 710 mentio
568 690 656 720 porro
680 690 735 719 pro
761 681 845 710 Sext.
874 690 900 710 c.
922 682 976 716 53,

94 720 173 751 Red.
187 722 218 752 in
229 723 297 753 Sen.
315 733 338 752 c.
353 725 384 758 5,
402 723 477 752 Har.
499 723 588 762 Resp.
604 724 657 760 ⁶27,
674 722 746 752 Vat.
763 725 794 759 9,
813 722 874 752 Pis.
892 724 923 760 4,
940 723 978 753 ad

93 764 162 794 Att.
183 765 229 800 ΙΙ,
247 767 278 795 9.
311 766 403 801 Eam,
425 766 456 795 in
479 766 580 795 Pison.
597 767 628 802 4,
655 771 777 795 centum
802 766 889 795 annis
909 772 979 795 ante

95 806 214 837 Pisonis
226 813 255 837 et
265 808 389 837 Gabinii
399 808 587 838 consulatum
597 808 690 838 latam
703 807 744 837 ait
754 807 857 838 Cicero
871 820 879 837 ι
897 808 980 848 quod

95 849 150 879 etsi
166 859 226 880 non
246 850 285 880 ad
299 851 417 880 literam
439 850 657 891 accipiendum,
675 856 776 880 tamen
798 860 859 880 non
881 851 979 881 multo

93 891 214 932 longius
229 898 349 933 ternpus
365 894 559 924 intercessisse
579 893 694 923 clarum
710 899 772 923 est:
796 893 888 933 idque
911 904 981 923 con-

95 935 176 965 venit
191 935 261 965 satis
280 946 349 965 cuin
365 946 455 971 anno,
472 946 563 976 quem
579 945 633 965 nos
647 936 813 976 posuimus.
839 937 920 965 Nam
936 937 981 966 lo.

95 987 159 1015 cus,
176 978 214 1008 ad
229 979 297 1008 Att.
317 978 344 1015 I,
365 980 414 1017 16,
430 979 484 1009 ubi
501 979 601 1009 Lurco
617 988 688 1008 cum
702 978 768 1018 lege
783 978 869 1008 AElia
890 979 981 1009 inisse

96 1020 307 1060 magistratum
323 1021 442 1059 dicitur,
464 1021 547 1051 haud
567 1021 658 1051 dubie
679 1027 722 1050 est
743 1027 919 1061 corruptus3
944 1022 981 1052 de

98 1072 193 1103 eoque
207 1063 279 1093 alibi
291 1064 434 1094 dicemus.
458 1064 528 1100 sed,
545 1064 582 1094 de
597 1064 702 1104 primis
717 1063 835 1094 duobus
847 1064 922 1104 legis
933 1074 982 1094 ca.

96 1105 222 1145 pitibus,
239 1107 353 1147 aliquid
363 1107 559 1137 monendum.
584 1106 699 1143 Primo,
718 1106 782 1136 haec
797 1107 846 1136 lex
862 1113 980 1137 tantum

98 1147 137 1177 ad
152 1148 273 1178 comitia
294 1149 411 1189 legibus
426 1149 554 1180 ferendis
569 1149 706 1190 pertinet.
741 1149 836 1185 Nam,
853 1149 884 1179 in
900 1160 982 1179 com-

97 1189 158 1220 itiis
172 1191 397 1231 magistratibus
413 1192 556 1229 creandis,
570 1202 630 1222 non
645 1192 714 1221 licet
726 1202 841 1222 servare
851 1192 888 1222 de
897 1192 981 1231 coelo,

98 1232 157 1262 nisi
172 1234 240 1274 quis
255 1242 324 1264 ante
339 1235 512 1272 ostenderit,
529 1245 558 1265 se
574 1240 773 1271 servaturum,
790 1241 824 1264 ut
836 1245 852 1264 e
864 1235 982 1275 Philip-

98 1274 166 1315 pica
187 1277 318 1307 secunda
347 1283 471 1307 constat.
509 1277 629 1307 Deinde
646 1287 765 1307 servare
791 1279 828 1307 de
851 1279 930 1313 cerlo,
948 1284 982 1308 ut

98 1326 167 1348 mea
177 1318 235 1349 fert
245 1319 358 1360 opinio,
369 1330 429 1350 non
445 1320 483 1350 ad
495 1330 584 1351 omne
595 1320 795 1360 auspiciorum
809 1329 903 1360 genus
914 1331 982 1361 per-

97 1360 182 1396 tinet,
199 1362 250 1392 sed
267 1362 305 1392 ad
323 1373 420 1393 unum
436 1369 560 1394 certum.
590 1363 669 1392 Jove
690 1363 824 1403 fulgente
839 1372 898 1392 non
914 1374 983 1403 pos-

99 1410 170 1434 sunt
184 1404 248 1434 fieri
263 1405 393 1435 comitia.
416 1406 526 1446 ltaque
537 1416 656 1436 servare
671 1406 707 1436 de
722 1407 801 1440 calo,
815 1411 857 1435 est
873 1407 983 1436 ccrlum

99 1449 307 1486 contemplari,
319 1449 348 1478 si
358 1450 417 1488 qud
424 1455 516 1488 parte
518 1449 644 1489 fulgur
653 1449 775 1478 exsistat
786 1454 840 1478 aut
855 1450 985 1479 tonitru.

102 1487 185 1520 Cum
200 1491 344 1521 consulin
357 1492 489 1532 auspicio
504 1498 558 1528 est,
576 1502 602 1521 v.
621 1502 646 1522 c.
662 1498 758 1526 nocte,
771 1502 840 1532 quae
855 1498 899 1522 est
913 1498 984 1523 ante

101 1531 193 1570 diem,
209 1533 272 1574 qua
286 1534 430 1574 procedit,
446 1544 506 1564 non
523 1534 632 1564 dicitur
653 1536 690 1564 de
705 1535 774 1564 coelo
789 1544 916 1569 servare,
932 1535 985 1565 sed

99 1576 280 1614 auspz'cari‚·
304 1586 402 1618 neque
421 1577 460 1607 de
480 1577 542 1607 ullo
563 1576 688 1617 auspicii
711 1587 819 1616 genere
839 1576 983 1615 invenies,

101 1617 160 1647 nisi
175 1618 212 1648 de
226 1619 283 1649 hoe
298 1629 371 1657 uno,
390 1619 460 1658 dici,
481 1630 601 1650 servare
622 1621 658 1650 de
683 1621 765 1650 coelo.
796 1619 882 1657 Jam,
898 1619 982 1660 quia,

101 1659 155 1699 qui
169 1663 304 1691 servabat
322 1661 359 1692 de
379 1663 463 1699 coelo,
484 1663 669 1701 ostendebat,
688 1673 719 1692 se
738 1662 814 1692 velle
837 1661 984 1702 impedire

100 1702 233 1741 comitia,
249 1709 279 1733 et
293 1705 376 1745 quia,
393 1705 417 1735 si
432 1706 532 1742 vellet,
545 1711 672 1745 poterat,
688 1705 827 1735 nuntiato
842 1705 903 1734 sive
914 1715 984 1735 vero

99 1743 160 1774 sive
174 1744 243 1776 ficto
257 1747 410 1787 auspicio;
427 1758 462 1778 eo
476 1748 541 1788 ipso
556 1748 677 1778 comitia
692 1748 884 1783 tollebantur,
901 1747 983 1787 quod

100 1787 180 1826 quis,
194 1788 233 1819 de
255 1790 328 1821 coelo
347 1800 378 1820 se
402 1801 531 1827 servare,
552 1797 605 1821 aut
630 1796 831 1828 servaturum,
855 1789 982 1821 dicebat.
