1137 1848
264 73 412 103 INDEX
436 73 803 105 GEOGRAPHICUS.
934 75 974 103 95

135 158 334 196 Mamertini,
350 159 381 189 in
397 159 484 189 Verr.
502 158 569 195 III,
581 161 613 197 5,
630 159 735 200 populi
750 159 870 197 Siciliae,
888 158 973 190 Mes-

91 212 170 232 sanae
184 202 302 238 incolae,
328 213 398 242 quae
420 204 530 232 civitas
552 203 743 232 Mamertina
760 203 780 232 1.
798 213 822 232 c.
839 208 971 232 vocatur.

91 245 269 275 Mamertini
284 245 357 275 olim
373 245 551 286 Campaniae
566 245 672 286 populi
687 245 772 275 fuere
785 256 794 281 ς
819 245 872 274 sed
887 245 974 276 Mes-

89 298 194 318 sanam
210 287 317 318 deinde
331 288 525 328 occuparunt.

132 331 310 367 Mantinea,
326 330 363 360 de
378 331 446 360 Fin.
463 331 501 360 B.
520 331 567 367 II,
584 332 637 368 30,
654 332 725 361 urbs
740 330 890 361 Arcadiae.

132 374 310 409 Marathon,
327 375 398 404 urbs
411 373 437 403 A
444 374 521 403 tticae
532 385 624 415 prope
636 384 719 404 mare
734 374 919 408 Eubo'scum,
933 374 971 403 ad

88 427 182 457 quam
206 417 338 446 nobilem
354 417 520 453 victoriam,
537 417 679 447 Miltiade
698 417 785 454 duce,
801 417 972 447 Athenien-

87 470 132 490 ses
148 465 297 489 consecutl
312 465 392 489 sunt.

131 503 352 532 fisaratlzom'us
366 508 490 539 taurus,
507 503 599 533 Tusc.
616 502 678 540 Qu.
699 502 760 539 IV,
777 504 830 538 22,
854 513 872 532 a
887 502 971 533 The-

87 555 137 575 seo
151 545 392 585 comprehensus.
410 546 450 576 V.
468 546 551 576 Plut.
566 546 598 575 in
614 545 755 581 These03
780 545 872 576 Ovid.
890 546 968 576 Met.

87 588 169 625 VII,
186 588 259 618 433.

130 631 243 667 .Marsi,
259 631 365 671 populi
380 631 473 669 Latii,
490 642 507 662 a
521 631 632 672 quibus
648 631 802 666 Italicum,
820 642 844 660 s.
863 631 970 661 sociale

87 674 204 704 bellum
227 675 403 704 Marsicum
430 674 481 708 (de
497 674 600 705 Divin.
624 675 653 713 Ι,
670 674 725 714 4-1)
751 674 870 711 dicitur,
887 674 969 714 quod

86 718 153 756 ejus
175 717 319 757 praecipui
342 722 475 748 auctores
495 718 591 755 fuere,
615 717 698 759 apud
721 728 830 758 eosque
853 718 969 747 bellum

84 765 186 790 ortum
201 765 253 790 est.

130 804 268 833 Illartius
284 813 421 842 campus,
445 803 528 833 locus
542 809 648 843 patens
663 813 755 844 prope
771 803 921 839 Tiberim,
938 802 969 832 in

84 856 146 885 quo
170 845 290 876 comitia
308 846 413 886 populi
434 846 567 876 Romani
583 846 748 876 centuriata
769 846 968 876 habebantur.

84 888 181 918 Marti
205 894 392 918 consecratus
408 894 451 918 est
466 900 483 918 a
498 890 608 927 Bruto,
628 898 665 919 ne
680 888 861 929 Tarquinio,
883 889 969 927 cujus

83 931 147 972 agri
163 931 293 967 fuerant,
310 931 393 962 reddi
409 938 516 972 posset.

128 975 320 1011 Esar-ruvini,
333 974 453 1005 Cluent.
467 976 519 1011 (39,
532 975 638 1015 populi
646 973 824 1015 Campaniae
834 973 872 1004 ad
885 983 970 1004 mare

84 1017 270 1054 Adrianum,
288 1017 462 1047 Ferentanis
478 1023 507 1047 et
524 1018 658 1057 Pelignis
673 1018 813 1048 confines.

126 1061 290 1099 Blassicus,
307 1060 376 1090 vino
391 1059 500 1090 nobilis
510 1070 598 1091 mons
612 1060 801 1101 Campaniae.
819 1060 860 1090 V.
881 1060 968 1090 Gau-

80 1113 146 1134 rus.

126 1147 282 1184 M'assz'lia,
294 1147 367 1176 urbs
379 1146 487 1177 nobilis
499 1146 530 1175 in
542 1146 645 1176 Gallia
660 1146 865 1182 Narbonensi,
878 1145 968 1176 hodie

80 1190 250 1220 Marseilles
263 1201 275 1225 ;
299 1199 487 1230 quamquam
499 1189 636 1225 Vossius,
650 1189 688 1219 ad
704 1189 833 1226 Melam,
844 1200 874 1229 p.
892 1189 931 1224 47
934 1189 952 1224 7
956 1211 966 1224 ,

80 1233 176 1270 docet,
200 1232 374 1262 Massiliam
388 1239 518 1263 veterem
534 1242 594 1262 non
619 1233 707 1262 sitam
722 1232 825 1269 fuisse,
844 1231 896 1262 ubi
911 1232 966 1261 ho-

79 1276 184 1305 dierna
196 1281 250 1313 est,
266 1275 316 1305 sed
333 1276 422 1315 longe
437 1276 474 1305 ab
488 1276 534 1310 ea,
551 1275 588 1305 ad
600 1276 851 1316 promontorium,
868 1274 922 1304 ubi
937 1280 967 1304 et

81 1328 162 1348 nunc
179 1319 242 1357 ejus
257 1318 366 1348 rudera
380 1325 461 1355 sunt,
478 1324 507 1348 et
522 1329 600 1358 saepe
615 1318 735 1348 nummi
750 1318 943 1348 effodiuntur-

126 1362 339 1396 ]lsaurz'tanz'a,
355 1371 424 1401 pars
440 1360 554 1391 Africae
568 1361 730 1391 maritima.

126 1405 250 1440 Mauri,
267 1404 306 1434 ad
321 1403 392 1434 Div.
410 1404 454 1441 X,
472 1405 524 1440 30,
540 1404 646 1434 incolae
662 1403 866 1433 Mauritaniae.

126 1448 258 1485 Maeotis,
269 1447 368 1488 palus,
379 1447 503 1485 s.1acus,
513 1446 546 1476 in
558 1446 708 1478 Sarmatia
717 1447 797 1476 ultra
809 1446 964 1477 Isthmum

81 1490 259 1521 Tauricum.

123 1534 222 1569 .Medz‘,
238 1532 343 1574 populi
359 1531 443 1563 Asiae
458 1532 592 1571 majoris,
608 1533 688 1563 ultra
703 1532 832 1573 Tigrim.

123 1577 267 1616 Megara,
288 1577 361 1606 urbs
381 1575 559 1616 Megaridis,
583 1574 695 1606 Atticae
711 1576 846 1612 confinis,
872 1581 964 1616 atque

79 1619 156 1650 adeo
171 1620 247 1658 ejus,
264 1629 301 1649 ex
316 1624 452 1648 veterum
473 1619 690 1649 nonnullorum
706 1619 864 1655 sententia,
880 1629 960 1659 pars.

123 1663 274 1701 ssIegm-z's,
300 1661 332 1691 in
358 1661 445 1691 Verr.
478 1660 538 1699 VI,
560 1663 612 1698 25,
637 1663 709 1692 urbs
732 1661 843 1692 Sicih'ae
869 1671 962 1702 prope

79 1705 241 1746 Syracusas
266 1703 304 1734 ad
327 1714 421 1739 mare,
447 1715 515 1744 quae
536 1709 565 1734 et
589 1705 693 1744 Hybla
716 1706 821 1735 minor
842 1704 960 1734 dicitur.

80 1748 147 1779 Liv.
166 1747 294 1785 XXIV,
311 1747 363 1776 35.
384 1753 410 1777 ot
426 1747 508 1783 alibi,
532 1748 662 1787 sssegara
685 1754 768 1779 vocat
788 1748 819 1777 in
841 1746 960 1787 plurali.
