1137 1848
324 81 475 113 INDEX
499 80 787 114 HISTORICUS.
947 80 1007 115 137

163 169 338 208 Antiphon,
355 168 445 199 Orat.
466 167 513 207 ΙΙ,
530 169 584 207 59,
600 177 713 198 nomen
728 167 889 198 comicum.

162 212 321 251 Antiphon
338 212 569 249 Rhamnusius,
586 211 675 241 Brut.
695 211 746 247 12,
761 210 890 241 Socratis
903 221 1006 251 aequa-

117 254 167 293 lis,
184 255 328 295 sophista,
346 255 426 285 locos
443 263 619 286 communes
634 253 752 294 scripsit
766 265 774 283 :
799 253 913 293 optime
927 253 1009 293 capi-

116 297 155 328 tis
167 307 288 328 causam
304 298 408 328 oravit.
432 298 485 328 Ab
500 297 557 328 hoc
571 297 644 327 boni
659 297 791 327 rhetores
807 296 879 326 dicti
890 296 1009 326 Rham-

117 341 206 371 nusii.
231 341 293 371 Hic
314 346 368 377 est,
385 340 439 381 qui
459 351 477 370 a
500 342 620 371 Socrate
641 350 688 380 ap.
706 340 867 370 Platonem
888 339 920 368 in
937 339 1009 369 Me-

117 393 235 414 nexeno
250 389 280 414 et
294 383 437 424 Xenoph.
449 383 582 413 Memor.
598 384 681 413 Socr.
698 382 727 419 Ι,
741 383 772 418 6,
786 382 1006 422 perstringitur.

120 425 171 456 De
197 437 232 457 eo
258 427 408 456 eruditam
437 426 598 456 diatribam
619 425 738 466 scripsit
759 425 839 455 Petr-
865 425 1008 465 Spanius,

120 468 222 509 Lugd.
236 470 279 500 B.
297 469 334 504 17
338 470 388 499 65.
413 468 555 506 Quatuor
570 470 634 507 ejus
651 473 772 498 exstant
787 468 944 498 orationes.

163 513 337 551 Antiphon,
354 512 391 542 de
405 512 510 542 Divin.
528 512 557 549 Ι,
574 513 627 549 20,
644 512 694 549 ΙΙ,
708 513 761 548 70,
779 511 927 550 conjector
942 510 1010 550 qui-

120 554 192 585 dam
219 555 416 585 somniorum.
446 555 496 585 De
515 554 620 585 Dis-in.
644 555 672 590 I,
692 555 745 590 51,
768 555 832 593 ejus
853 553 1012 583 artificiosa

120 598 319 635 somniorum,
347 598 549 634 oraculorum,
575 604 604 628 et
629 597 889 634 vaticinationum,
920 597 1013 626 inter-

120 641 258 681 pretatio.
275 641 469 671 Atheniensis
479 640 549 677 fuit,
562 652 629 680 ονειρ
633 651 729 679 aufem-⁷7
736 653 758 677 ς,
770 639 823 680 qui
833 640 964 669 θῑ111ποε
977 639 1013 669 de

121 683 374 725 Inter-pretatione
389 663 585 715 Somniorum
601 682 729 723 scripsit,
746 683 800 723 qui
815 683 847 712 in
858 682 1014 713 Onirocri-

120 726 186 757 ticis
203 727 398 764 Artemidori,
417 726 463 764 ΙΙ,
482 727 533 764 14,
547 732 576 756 et
587 727 625 755 ab
637 726 714 763 aliis,
727 731 943 756 memorantur.
968 725 1010 755 V

123 769 242 800 Fabric.
263 770 303 799 B.
321 770 360 800 G.
378 770 427 808 ΙΙ,
444 770 497 807 26,
513 769 567 799 11111
581 769 789 809 Antiphontes
809 769 911 809 plures
929 778 1012 799 com-

122 819 341 842 memorantur.

166 856 374 886 Antisthenes.
405 856 479 886 Nat.
499 854 541 885 D.
557 855 589 892 I,
608 855 659 891 13,
676 855 741 894 ejus
755 854 842 891 liber,
860 854 913 894 qui
929 854 1015 894 Phy-

123 898 202 928 sicus
217 898 381 929 dicebatur.
412 899 595 928 Naturalem
613 907 711 927 unum
727 897 832 927 Deum
848 897 928 927 facit.
944 897 1014 926 Att.

124 941 206 979 XII,
223 942 277 977 33,
294 942 359 980 ejus
374 941 512 981 dialogus
526 941 678 971 laudatur.
708 940 813 970 Homo
828 945 934 970 acutus
949 950 1016 969 ma-

124 984 181 1024 gis,
206 994 300 1024 quam
322 984 466 1014 eruditus.
497 984 584 1014 Orat.
610 982 676 1019 ΙΙΙ,
700 984 752 1018 17.
782 982 966 1012 Patientiam
987 988 1016 1012 et

125 1027 268 1057 duritiem
288 1028 424 1057 maxime
441 1027 473 1056 in
489 1026 647 1057 Socraticis
666 1025 843 1061 adamatam
868 1026 906 1055 ab
922 1035 1017 1066 eoque

125 1069 235 1110 Cynici
250 1076 279 1099 et
294 1070 387 1100 Stoici
402 1070 458 1100 orti
473 1076 553 1099 sunt.

168 1113 338 1150 Antistius,
359 1113 450 1143 Rosc.
468 1114 543 1143 Am.
563 1113 619 1150 32,
641 1117 807 1149 accusator,
832 1111 912 1141 bello
936 1110 1017 1141 civili

126 1156 255 1186 Sullano
270 1165 373 1186 caesuS.

172 1201 204 1229 C.
218 1199 388 1234 Antistius,
405 1198 436 1229 V
439 1208 494 1228 err.
512 1198 574 1235 IV,
591 1199 644 1235 71,
662 1208 752 1239 eques
768 1198 862 1228 Rom.
875 1196 1018 1237 magister

127 1241 361 1282 publicanorum
377 1242 408 1271 in
425 1241 536 1271 Sicilia.

171 1285 212 1315 L.
233 1286 404 1321 Antistius,
431 1285 522 1314 Balb.
552 1285 602 1324 12,
629 1291 740 1314 orator.
768 1285 810 1314 P.
825 1282 1017 1313 scribendum

131 1333 220 1368 putat
234 1329 415 1358 Abramius.

173 1372 220 1400 M.
238 1371 408 1408 Antistius,
425 1370 481 1401 Or.
499 1369 546 1408 ΙΙ,
567 1371 620 1409 71,
645 1369 818 1411 Pyrgensis.
847 1368 977 1410 Equum
993 1368 1020 1399 ei

132 1414 246 1444 ademit
261 1414 398 1454 Lepidus
413 1423 525 1444 censor.

176 1459 214 1488 P.
245 1458 417 1493 Antistius,
444 1457 534 1486 Brut.
562 1457 615 1493 49,
641 1456 694 1492 63,
715 1455 822 1486 rabula
845 1454 1022 1496 probabilis,

132 1500 241 1531 restitit
256 1500 291 1530 C.
308 1500 330 1529 J
333 1500 407 1535 ulio,
424 1499 462 1528 L.
477 1500 512 1529 F.
530 1504 633 1529 contra
644 1499 725 1538 leges
741 1497 901 1540 (Vifliam)
917 1507 1025 1528 consu-

132 1544 231 1574 latum
246 1543 371 1583 petenti,
388 1543 419 1572 in
436 1543 604 1578 tribunatu,
618 1542 658 1571 A.
673 1542 714 1572 U.
730 1542 802 1572 666.
817 1541 855 1571 cf.
873 1552 898 1571 c.
916 1543 967 1571 90.

183 1587 220 1616 T.
237 1586 403 1622 Antistius,
421 1585 459 1614 ad
475 1585 547 1615 Div.
572 1584 677 1622 X111,
694 1586 747 1622 29,
769 1590 901 1625 quaestor
916 1584 1023 1613 Mace-

130 1629 231 1659 doniae
245 1629 332 1658 initio
346 1628 418 1658 belli
430 1628 535 1658 civilis.
560 1627 700 1668 Corcyrae
714 1628 852 1658 moritur.
878 1627 979 1663 Pater,
991 1631 1026 1656 ut

133 1672 252 1713 opinor,
269 1671 444 1707 consularis,
457 1681 550 1711 quem
564 1670 670 1700 laudat
684 1671 833 1708 Velleius,
852 1669 898 1707 II,
915 1670 966 1699 43.

180 1716 338 1745 Antistius
359 1717 497 1753 Semeros,
516 1714 555 1744 ad
574 1692 968 1752 Q.Fr.11‚1‚tribimus
984 1712 1028 1753 pl.

752 1766 776 1787 N
793 1757 812 1786 3
