1122 1868
177 84 219 114 66
356 83 505 116 INDEX
529 83 897 117 GEOGRAPHICUS.

172 170 254 200 unde
278 170 411 201 Arretini
434 170 586 202 dicuntur.
620 171 682 201 Pro
708 170 840 209 Caecinfi,
865 181 891 202 c.
910 171 952 201 33
965 182 975 208 ;
1008 182 1054 213 pr.

174 212 260 243 Mur.
279 214 332 251 24,
349 215 406 244 διο.
423 214 462 244 ad
477 215 544 244 Att.
561 213 589 252 Ι,
609 215 656 245 19.

216 256 407 295 Artemitam,
429 257 468 287 ad
489 258 554 287 Att.
572 257 599 294 I,
622 261 668 288 19.
701 255 761 287 Sed
780 256 956 297 legendum,
987 268 1055 288 cum

173 299 346 335 Graevianfi,
366 301 506 330 Arretini.
532 301 675 330 Artemita
687 299 768 330 enim
778 300 863 330 nulla
877 299 936 329 fuit
950 300 981 330 in
996 301 1058 331 Im-

173 341 226 380 lia,
243 343 325 383 quod
340 349 462 373 constet.
489 343 558 373 Vid.
581 343 657 373 Intt.
672 342 711 372 ad
722 342 839 372 Anton.
858 343 961 373 Itiner.

219 386 369 423 Asculum„
402 386 491 416 Brut.
513 386 566 423 46,
600 385 749 426 oppidum
772 385 804 414 in
831 396 904 425 agro
934 386 1057 423 Piceno,

174 428 257 468 quod
279 435 309 459 et
325 429 443 458 Asclnm
463 428 583 465 dieitur,
601 434 630 458 et
653 439 701 469 ap.
720 428 895 458 Hieroc1em
918 434 1055 463 Ασκλοςε

173 470 265 508 unde,
286 482 340 512 pro
357 472 433 501 Sull.
451 472 482 509 8,
502 472 650 501 Asculani.

216 515 395 553 Aspendum,
416 514 503 545 Orat.
519 515 551 544 in
563 514 648 544 Verr.
666 513 713 552 ΙΙ,
730 515 784 551 20,
807 515 881 544 urbs
898 513 1059 555 Pamphy-

174 556 231 586 liae.

216 600 371 631 Assorinus
384 610 463 642 ager,
477 600 564 631 Orat.
579 600 611 630 in
627 600 716 630 Verr.
734 600 796 638 IV,
817 603 865 638 18,
880 600 958 630 circa
973 601 1058 630 Assa-

174 653 251 680 rum,
268 643 378 674 Siciliae
401 643 560 684 oppidum,
581 643 659 673 inter
684 643 835 683 Agyrium
865 649 894 674 et
924 643 1057 674 Ennam.

174 685 262 716 Orat.
275 686 306 716 in
321 687 351 717 V
353 697 408 717 err.
419 687 461 723 V,
478 687 529 715 44.

216 731 347 769 Assyria,
370 740 440 770 pars
461 729 543 759 Asiae
562 728 697 769 majoris,
721 729 801 760 ultra
823 729 954 770 Tigrin3
978 729 1060 760 unde

180 771 290 811 Assyrii
302 772 454 803 dicuntur.

220 816 339 850 Astura,
355 816 393 846 ad
410 815 482 845 Div.
495 815 558 851 VI,
579 818 628 852 19,
645 814 684 845 ad
696 814 762 844 Att.
776 814 859 852 XII,
876 816 929 851 40,
943 815 1057 845 flumen

175 857 268 895 Latii,
284 858 316 888 in
332 869 393 900 quo
407 858 507 888 insula
521 858 658 898 ejusdem
673 858 815 896 nominis,
837 857 891 888 ubi
906 858 1059 889 Ciceronis

175 900 257 930 villa.

218 944 424 982 Ast-vurlensis,
434 944 471 974 de
484 944 574 974 N.D.
589 944 656 981 ΙΙΙ,
674 947 723 980 18,
735 945 773 974 ab
785 942 952 984 Astypalaeci
962 943 1061 974 insula

174 986 266 1017 maris
277 987 487 1025 Cretici,unde
498 987 606 1017 rectius
618 987 727 1017 dieitur
740 987 958 1027 Astypulaeensis
967 997 1061 1027 quam

175 1031 389 1069 Astypalensi53
405 1038 435 1060 et
445 1030 487 1060 sic
502 1036 546 1060 est
556 1030 588 1059 in
604 1029 780 1059 Davisianzffi

218 1074 392 1110 Atmzdrius,
409 1084 431 1103 s.
447 1073 640 1110 Antandrius,
657 1071 696 1102 ad
711 1072 775 1109 Qu.
787 1072 870 1102 Frat.
886 1072 914 1109 I,
932 1076 963 1107 2,
977 1075 1008 1109 (Σ,
1022 1073 1061 1103 ab

173 1115 286 1156 oppido
306 1115 419 1156 Mysiae
435 1116 579 1154 Atandro,
602 1126 625 1145 s.
649 1116 812 1153 Antandro,
835 1121 870 1145 ut
885 1116 992 1145 Strabo
1007 1126 1061 1155 ap-

173 1158 278 1198 pellat,
295 1165 323 1189 et
342 1158 434 1197 vulgo
448 1157 594 1194 laudant;
618 1157 710 1198 idque
721 1158 829 1188 rectius
841 1158 959 1188 videtur
969 1158 1062 1188 Wes-

175 1201 302 1242 selingio
317 1201 355 1231 ad
371 1201 556 1238 Hieroclem,
573 1211 604 1241 p.
623 1202 698 1238 661,
714 1200 768 1241 qui
784 1201 922 1239 Ατανδρος
937 1200 1037 1231 habet.

218 1244 325 1281 Atella,
342 1243 380 1274 de
396 1243 478 1284 Lege
498 1244 609 1284 Agrar.
631 1244 680 1281 ΙΙ,
697 1247 750 1281 31,
766 1242 915 1283 oppidum
930 1243 1063 1284 Campa-

174 1286 233 1316 niae
248 1287 326 1317 inter
347 1287 487 1327 Capuam
503 1293 533 1316 et
548 1286 722 1327 Neapolim.
749 1286 870 1316 Dicitur
894 1287 1063 1316 Atellanam

173 1329 389 1370 municipium,
405 1329 444 1359 ad
459 1329 500 1367 Q.
515 1329 567 1359 Fr.
587 1328 634 1367 II,
655 1332 705 1367 14,
726 1334 756 1360 et
773 1329 938 1359 Atellanius
953 1339 1061 1368 versus,

174 1371 213 1402 de
222 1372 296 1402 Div.
309 1371 356 1409 ΙΙ,
371 1375 422 1410 10,
435 1382 451 1402 e
462 1372 568 1402 fabul&
582 1372 738 1403 Atellana.

219 1416 417 1445 Athamanum
432 1425 514 1453 gens,
526 1415 558 1447 in
575 1416 678 1446 Pison.
693 1416 748 1453 40,
763 1414 897 1456 populus
908 1414 1061 1444 Athama-

174 1458 245 1496 niae,
258 1458 387 1498 regionis
403 1458 539 1494 Graeciae,
550 1457 588 1488 de
602 1459 689 1497 cujus
699 1459 758 1488 situ
768 1457 934 1498 disputant,
947 1457 1012 1488 aliis
1023 1457 1062 1487 ad

176 1500 346 1541 Illyricum,
360 1500 426 1531 aliis
437 1500 476 1530 ad
491 1500 694 1537 Thessaliam,
711 1500 777 1531 aliis
792 1500 831 1531 ad
846 1500 1006 1539 AEtoliam,
1023 1500 1062 1530 ad

174 1543 308 1584 Epirum
325 1543 454 1583 denique
471 1544 537 1573 aliis
551 1543 758 1575 referentibus.

220 1586 321 1623 Athos,
345 1596 433 1617 mons
452 1586 653 1625 Macedoniae,
675 1597 694 1617 a
715 1586 819 1617 Xerxe
838 1584 1000 1628 perfossus,
1023 1585 1062 1616 de

178 1629 249 1660 Fin.
268 1629 317 1667 ΙΙ,
333 1629 385 1659 34.

177 1714 204 1748 L
218 1672 337 1712 Atinus,
352 1672 391 1703 ad
404 1673 469 1704 Att.
485 1672 561 1712 XV,
581 1673 613 1712 3,
629 1682 700 1714 ager
711 1672 788 1704 circa
802 1673 932 1711 Atinam,
953 1672 1059 1704 urbem

207 1714 267 1746 atii.
