1137 1848
303 93 451 123 INDEX
475 92 763 125 HISTORICUS.
918 95 975 123 201

140 178 179 208 L.
206 178 336 216 Crassus,
357 179 411 209 Br.
438 181 490 209 58.
512 179 548 209 P.
577 179 697 209 Nasicae
723 185 752 209 et
776 179 913 216 Liciniae,
940 178 978 209 C.

96 219 186 250 Laelii
200 221 309 261 neptiS,
325 221 416 256 filius,
434 232 451 251 a
466 223 504 252 L.
522 222 641 258 Crasso,
655 232 710 251 avo
725 229 873 259 materno,
889 228 979 252 testa-

93 268 197 293 mento
211 265 380 304 adoptatus.
405 265 455 296 Cf.
472 266 552 295 Plin.
569 264 732 302 XXMV,
749 268 777 294 3.

136 306 175 335 L.
193 308 338 347 Papirzus
363 309 496 346 Crassus,
519 308 558 338 ad
578 307 650 338 Div.
676 307 742 344 lx,
766 310 816 338 21.
842 308 922 338 Vide
942 308 974 337 in

93 349 244 387 Papirius.

137 392 192 421 M.
212 393 341 432 Crassus,
364 393 420 425 Or.
441 394 471 432 I,
493 393 544 423 36.
560 400 670 434 praetor
688 394 731 424 A.
748 394 789 424 U.
811 394 884 423 648.
907 393 977 423 Fin.

92 433 137 471 V,
154 437 206 465 30.
225 441 411 474 Αγελαστος,
427 437 499 477 quia
519 437 611 467 semel
629 437 660 466 in
681 437 743 467 vita
765 437 839 471 risit,
859 444 980 466 auctore

94 476 224 508 Lucilio.
247 478 328 508 Plin.
345 479 389 509 H.
407 480 448 509 N.
466 478 544 517 VII,
564 482 612 510 19.
627 489 786 520 nunquam
802 479 909 515 risisse,
927 479 978 508 ait.

140 520 187 550 M.
205 523 332 559 Crassus,
358 522 394 551 P.
410 522 452 551 fil.
469 523 519 552 M.
538 529 709 559 Αγεὶωιστου
725 532 826 563 nepos.
851 522 979 551 Trium-

95 562 152 592 vir.
174 563 213 594 ad
233 563 305 594 Div.
323 565 351 603 Ι,
371 568 398 594 1.
414 566 504 595 Brut.
532 567 582 595 64.
600 567 650 594 65.
666 575 727 605 seq.
746 565 845 606 qualis
868 572 978 599 orator,

96 605 184 636 Verr.
201 605 263 644 VI,
278 611 308 637 2.
325 615 426 638 contra
437 608 579 648 fugitivos
594 608 625 638 in
643 607 730 638 Italia
745 608 876 638 mittitur
889 619 896 636 :
921 608 980 636 im-

95 649 200 688 pediit,
216 659 254 679 ne
268 649 388 689 fugitivi
403 651 579 681 Messanam
597 651 722 681 transire
736 657 865 692 possent.
888 650 979 680 Balb.

96 692 127 725 7.
154 692 290 722 Balbum
319 693 462 723 defendit.
495 695 619 724 Muren.
658 697 710 724 23.
743 694 780 724 L.
813 694 979 723 Murenam

96 733 241 772 defendit,
265 734 342 765 Har.
367 747 443 776 resp.
464 737 494 766 6.
515 736 662 777 pontifex.
687 737 766 767 Phil.
791 736 838 774 ΙΙ,
863 737 894 767 3.
910 746 981 766 cum

96 786 131 806 eo
146 778 251 807 multae
269 777 420 809 Ciceronis
443 779 645 809 contentiones
667 779 761 809 fuere.
785 779 852 809 Att.
874 777 902 815 I,
933 780 981 809 14.

94 819 201 850 laudat
222 820 254 849 in
274 827 378 851 senatu
399 821 550 852 Ciceronis
565 822 766 852 consulatum.
788 824 834 854 17.
850 821 982 862 impellit

94 872 135 903 pu
141 863 271 893 blicanos
282 864 426 903 Asianos,
439 871 474 894 ut
484 865 662 895 locationem
672 865 775 895 induci
787 865 983 905 postularent.

98 905 159 942 IV,
180 907 228 937 13.
252 906 338 936 nulla
361 907 515 948 dignitate,
535 907 698 948 paludatus
714 909 777 938 abit
799 908 831 937 in
849 907 980 947 Syriam.

97 948 190 978 Tusc.
207 949 249 986 V,
275 950 326 980 32).
342 952 492 981 surdaster
504 951 572 981 fuit.
596 950 669 980 Div.
687 950 714 988 I,
738 953 783 982 16.
801 950 874 990 quid
890 950 917 979 ei
933 960 981 979 ac-

98 991 213 1029 ciderit,
229 992 364 1022 dirarum
379 994 608 1028 obnuntiatione
623 993 768 1033 neglecta.
786 992 832 1030 11,
855 996 884 1023 9.
901 998 984 1022 trans

96 1034 276 1074 Euphraten
306 1045 376 1065 eum
396 1036 564 1076 ignominia
587 1043 615 1067 et
638 1036 780 1067 dedecore
802 1036 888 1076 perit.
908 1035 982 1065 ibid.

96 1078 148 1107 40.
165 1087 266 1115 omen,
290 1078 373 1118 quod
391 1080 417 1109 ei
442 1079 600 1109 Brundisii
620 1079 757 1109 oblatum
782 1086 834 1109 est.
859 1078 922 1108 Off.
952 1078 980 1113 I,

96 1120 148 1149 30.
165 1120 258 1151 Sullae
273 1121 411 1158 deservit,
427 1128 473 1159 ut,
491 1122 573 1162 quod
587 1122 670 1159 velit,
687 1128 894 1162 consequatur.
908 1121 981 1150 ibid.

96 1163 126 1192 8.
150 1173 216 1193 eam
242 1163 367 1194 demum
388 1166 549 1205 pecuniam
571 1174 716 1205 magnam
742 1166 869 1204 judicat,
895 1164 982 1202 cujus

95 1204 243 1236 fructibus
258 1207 405 1237 exercitus
421 1208 461 1238 ali
477 1208 579 1248 possit.

139 1250 186 1278 M.
216 1250 348 1288 Crassus,
371 1251 461 1281 Balb.
482 1255 534 1282 23.
559 1261 629 1281 eum
653 1251 832 1281 Mamertini
853 1260 890 1280 ex
916 1249 982 1289 lege

96 1291 194 1331 Papia
209 1299 340 1332 repetere
362 1293 546 1329 instituunt3
571 1294 644 1334 quia
663 1304 700 1324 ex
722 1293 909 1323 Mamertino
929 1297 983 1321 aut

96 1334 169 1364 civis
183 1334 280 1365 factus
295 1342 357 1365 erat
372 1337 464 1366 Rom.
482 1343 534 1366 aut
550 1347 581 1366 se
595 1347 650 1377 pro
666 1337 729 1366 cive
744 1337 874 1376 gerebat.

141 1379 179 1407 P.
198 1379 327 1415 Crassus,
350 1379 439 1409 Brut.
468 1381 514 1410 19.
532 1389 602 1409 cum
625 1379 773 1409 Africano
788 1379 861 1417 maj.
877 1377 982 1408 consul

96 1418 165 1449 fuit.
182 1430 290 1461 nempe
306 1420 345 1450 A.
365 1421 406 1451 U.
423 1423 495 1452 548.
512 1422 593 1452 idem
605 1422 742 1462 pontifex
757 1431 839 1451 max.
858 1420 980 1460 Cogno-

97 1463 180 1492 mine
203 1464 294 1493 Dwe.
315 1463 422 1494 dictus.
447 1465 487 1495 V.
512 1465 578 1495 Liv.
600 1465 712 1502 XXX,
738 1465 765 1493 l.
786 1464 840 1494 ubi
858 1465 922 1503 ejus
936 1463 986 1492 in-

97 1505 182 1545 signe
196 1507 338 1546 elogium.

143 1550 182 1578 P.
212 1553 331 1579 crassus
356 1551 517 1580 Mucianus
546 1552 649 1580 Dices.
681 1549 768 1580 Brut.
795 1550 846 1580 26.
870 1548 983 1579 Orator

99 1591 187 1621 valde
209 1593 364 1633 probatus,
389 1593 549 1633 adoptatus
573 1605 590 1623 a
613 1593 649 1622 P.
681 1592 790 1623 Crasso
809 1592 927 1629 Divite,
945 1593 981 1621 P.

97 1633 198 1664 Mucii
222 1635 302 1666 filius
327 1637 485 1672 naturahs,
510 1643 539 1666 et
564 1637 600 1666 P.
621 1636 761 1666 Scaevolae
782 1635 883 1671 frater,
901 1634 983 1663 domi

94 1677 146 1716 jus
161 1677 247 1708 civile
261 1684 449 1717 cognoverat.
473 1678 528 1708 Or.
547 1679 574 1716 I,
591 1680 643 1714 37.
665 1679 744 1717 Ejus
758 1678 795 1708 de
811 1676 982 1717 eloquentia

95 1724 126 1748 et
137 1720 214 1758 juris
228 1721 327 1750 studio
343 1721 553 1761 conjungendo
569 1722 724 1752 sententia.
737 1721 778 1751 ib.
795 1722 845 1754 57.
861 1722 879 1750 Δ
889 1720 977 1750 ctus.

94 1762 143 1792 Cf.
160 1762 189 1801 I,
211 1767 258 1795 13.
281 1763 410 1804 Rupert.
426 1765 464 1794 ad
479 1764 605 1795 Enchir.
618 1765 768 1804 Pompon.
785 1762 851 1800 111,
874 1764 903 1793 ὓ.
921 1763 980 1792 Pe-
