1137 1848
280 83 428 114 INDEX
453 83 819 115 GEOGRAPHICUS.
953 85 990 113 ΩΙ

112 167 200 198 Latio
215 168 364 208 praesidet,
381 175 410 199 et
424 170 455 199 in
469 169 558 199 Latio
569 169 676 200 colitur
689 181 697 198 :
722 179 776 209 pro
788 180 849 209 quo
859 169 991 199 scribunt

109 210 161 240 alii
176 211 322 240 Latialis.
345 212 404 242 Sed
429 212 461 242 in
484 213 617 242 Gronov.
633 212 758 241 refertur
781 211 819 241 ad
834 218 988 242 montem:

108 253 190 293 quod
210 254 316 284 merito
335 255 525 295 reprehendit
548 255 696 285 Graew'us.
722 254 816 284 Mons
837 255 929 291 enim,
954 254 990 284 de

108 305 169 336 quo
183 296 225 326 ibi
241 307 347 334 sermo,
365 304 407 327 est
423 299 574 335 Albanus,
585 308 645 327 non
662 298 807 327 Latiaris.
834 297 883 327 De
898 298 990 338 scrip-

108 338 187 374 turix,
212 349 239 368 v.
261 339 338 369 viros
361 340 461 370 doctos
481 341 519 370 ad
544 342 665 371 Sueton.
691 340 756 370 Cal.
779 342 844 375 223
870 340 987 370 Duker.

107 386 136 410 et
151 380 308 411 Drakenb.
324 382 362 412 ad
379 383 446 412 Liv.
464 382 560 419 XXI,
577 384 628 413 63.

151 424 272 460 Latmi,
288 425 392 465 populi
408 426 516 462 Italiae,
532 426 638 456 incolae
654 426 744 456 Latii.

151 467 359 503 Latznzcnses,
376 468 413 498 de
426 469 586 509 Haruspic.
604 470 697 509 Resp.
714 470 765 505 ’8,
783 468 885 498 iidem.

149 510 292 547 Latmus,
310 511 337 540 Τ
342 512 513 549 usc.1,38‚
530 521 616 541 mons
629 511 737 548 Cariae,
755 511 786 540 in
803 522 864 552 quo
880 511 987 552 Endy-

105 551 187 582 mion
202 552 392 583 obdonniw't.

149 596 354 631 Laver7zz',um
372 597 409 626 ad
426 597 492 627 Att.
506 597 537 628 V
541 597 588 636 ΙΙ,
605 599 637 635 8,
659 607 769 628 nomen
784 597 841 627 loci
856 603 908 626 aut
924 597 987 627 fani

107 648 126 667 a
141 637 284 668 Laverncc
301 639 369 669 De&
384 640 463 670 dicti.

150 682 340 719 Lavicanus,
356 693 410 722 pro
426 684 528 713 Plano.
546 686 578 721 9,
595 694 612 713 a
628 682 749 713 Law‘eo.
766 683 806 713 V.
825 683 942 712 Labici.

151 725 360 761 Laurentum,
377 726 522 765 oppidum
539 726 630 756 Latii.

150 768 298 805 Lebadia,
311 767 347 797 de
359 767 464 797 Divin.
481 768 508 803 Ι,
523 772 575 804 33,
589 770 660 798 urbs
672 769 796 799 Boeotiae
809 779 818 803 ;
843 768 881 798 ad
893 778 987 809 quam

106 809 213 839 fanum
228 816 256 840 et
271 815 393 840 antrum
409 811 586 851 Trophonii.

150 853 298 890 Lemnus,
327 853 427 882 insula
453 855 559 884 Graeca
587 854 618 883 in
644 854 722 883 mari
748 854 865 894 AEgaeo.
897 854 988 884 Unde

107 895 278 925 Lemnium
292 906 416 933 saxum,
433 896 470 926 de
484 897 553 926 Fin.
570 897 609 926 B.
626 896 673 935 ΙΙ,
691 898 742 927 29.

150 939 301 969 Lemonia
317 939 423 975 tribus,
441 940 545 969 Plane.
565 940 613 969 lo.

150 982 327 1017 Leocorz'on,
344 982 381 1011 de
394 982 467 1012 Nat.
482 982 525 1011 D.
538 982 604 1019 ΙΙΙ,
621 982 669 1019 19,
684 983 833 1022 templum
845 982 986 1012 Athenis.

106 1023 146 1053 V.
172 1024 298 1055 Suidam
322 1024 353 1054 in
377 1030 542 1065 Λεωκοριω,
567 1026 597 1054 in
616 1025 722 1065 primis
745 1025 859 1054 AElian.
882 1025 922 1055 V.
942 1025 986 1055 H.

104 1065 184 1105 XII,
201 1068 252 1097 28.

148 1111 363 1148 Leonaticum,
391 1110 428 1140 de
452 1110 525 1140 Nat.
550 1110 642 1141 Deor.
666 1110 730 1149 ΙΙΙ,
759 1112 807 1149 19,
829 1110 947 1140 videtur
969 1122 987 1140 a

107 1152 250 1184 Cicerone
268 1154 383 1184 factum
406 1154 598 1191 vocabulum,
620 1159 654 1183 ut
671 1159 822 1191 Λεωκοριον
838 1153 988 1193 exprime—

107 1201 152 1226 ret
165 1206 174 1231 3
198 1207 252 1237 pro
267 1207 328 1237 quo
338 1196 514 1237 Leopardus
529 1203 558 1227 et
574 1196 744 1226 Lambinus
760 1197 821 1226 Leo
836 1202 988 1226 natarum

109 1239 317 1276 conjiciebant,
330 1240 474 1279 probante
488 1249 585 1279 nuper
600 1239 739 1269 Boherio.

154 1282 310 1319 Leontini,
332 1281 363 1311 in
378 1281 466 1312 Verr.
492 1282 559 1319 ΙΙΙ,
581 1283 632 1317 66,
658 1283 730 1311 urbs
751 1281 859 1312 Siciliae
882 1282 913 1311 in
934 1282 987 1312 or&

110 1324 202 1354 maris
216 1325 310 1355 Siculi
324 1324 401 1354 inter
416 1324 564 1354 Catanam
579 1332 608 1354 et
627 1325 788 1365 Syracusas
802 1336 812 1361 ς
835 1324 944 1354 dicitur
959 1331 988 1354 et

109 1367 295 1402 Leontium,
291 1379 298 1386 ·
322 1377 340 1396 a
355 1366 416 1407 quiz
430 1366 538 1397 dicitur

152 1411 323 1441 Leontinus
337 1420 476 1448 campus,
494 1410 627 1450 Philipp.
642 1409 689 1447 ΙΙ,
708 1411 758 1449 17,
779 1410 918 1451 publicus
933 1420 987 1450 po-

110 1453 175 1493 puli
195 1453 339 1489 Romani,
363 1453 438 1482 mire
455 1452 571 1489 fertilis,
588 1453 641 1493 qui
661 1459 827 1494 propterea,
849 1463 934 1494 aeque
954 1463 989 1482 ac

112 1495 297 1537 Campanus,
314 1507 332 1525 a
351 1495 493 1526 Cicerone
512 1496 590 1526 inter
603 1496 784 1536 patrimonia
805 1496 878 1536 reip.
896 1496 988 1525 Rom.

111 1538 256 1568 refertur.
281 1539 335 1579 qui
350 1545 379 1568 et
395 1539 564 1569 Leontinus
579 1549 664 1577 agea,
681 1539 717 1568 de
733 1538 920 1575 Div.1,33.

154 1582 307 1620 Lepreon,
320 1587 349 1611 et
359 1582 501 1620 Lepreos,
514 1582 551 1611 ad
562 1583 626 1611 Att,
639 1582 665 1611 Ι
672 1580 698 1619 Ι,
710 1583 741 1611 ⁶2.
770 1582 885 1611 Urbem
896 1581 988 1610 mari·

110 1623 216 1654 timam
233 1624 371 1655 Arcadiae
386 1634 449 1653 esse
463 1624 578 1654 censuit
597 1624 790 1654 Dicaearchus
804 1623 835 1653 in
851 1623 935 1653 libris
950 1623 988 1653 de

109 1666 250 1697 descensu
266 1667 297 1697 in
313 1666 482 1706 Trophonii
497 1673 628 1697 antrum.
651 1667 710 1697 Sed
725 1674 768 1697 est
787 1667 858 1696 urbs
873 1665 988 1695 mariti-

109 1718 159 1738 ma
172 1709 305 1740 Achaiae.
333 1709 460 1739 Arcadia
469 1715 512 1740 est
523 1710 747 1741 mediterranea.
768 1709 828 1739 Pro
844 1709 987 1738 Arcadia:

109 1751 269 1791 legendum
296 1751 460 1792 suspicarer
483 1753 626 1789 Aclta'ioe,
651 1753 705 1782 nisi
728 1752 893 1782 Pausanias
911 1761 988 1792 quo-
