1122 1868
103 98 166 130 330
317 97 465 129 INDEX
489 96 772 129 HISTORICUS.

154 184 186 214 C.
205 185 307 215 Ateius
324 185 509 223 Plugulez'us,
523 184 561 214 ad
574 184 639 214 Att.
652 184 696 221 X,
710 185 739 214 8.
757 183 852 214 Dom.
865 185 914 214 33.
932 183 997 224 ple-

112 226 198 258 beius
214 228 316 265 homo,
333 238 349 258 e
365 228 519 258 Clodianis
533 227 640 268 operis.

157 271 210 300 Cn.
238 271 390 308 Plancius,
415 272 479 300 Att.
510 270 535 308 1,
568 273 613 300 12.
638 269 779 300 tribunus
804 269 939 299 militum
965 269 998 299 in

113 312 306 349 Macedonia,
321 314 356 344 C.
370 313 506 344 Antonio
521 323 586 343 eam
602 312 763 343 obtinente.
789 313 858 342 Sen·
876 323 906 352 p.
921 311 1000 342 Red.

117 358 166 386 14.
183 362 312 396 quaestor
328 356 529 393 Macedoniae,
545 355 739 396 provincialia
754 361 931 384 ornamenta
945 354 998 384 de-

113 398 210 439 ponit,
227 405 256 429 et
270 399 444 429 Ciceronem
456 404 569 431 tuetur,
584 399 688 428 Plane.
709 401 734 427 l.
750 408 818 428 reus
834 397 868 427 fit
883 397 920 427 de
931 407 998 427 am-

114 441 180 472 bitu
196 452 214 471 a
225 442 418 482 competitore
428 441 587 477 aedilitatis,
602 441 772 470 Laterense.
789 440 864 482 (vid.
880 450 1000 480 argum.

113 483 202 523 orat.)
228 484 266 514 ad
296 484 367 514 Div.
399 483 458 521 IV,
494 487 540 514 14.
568 483 665 513 exsuli
685 493 769 523 spem
793 483 905 513 reditus
927 482 1000 513 facit

115 526 228 557 Cicero.
254 527 357 557 Plane.
382 528 411 557 8.
431 526 546 557 familia
564 526 689 556 Plancia
708 536 745 556 ex
761 525 880 556 Atinati
895 525 998 555 muni-

113 569 192 610 cipio
206 569 274 599 fuit.

160 613 217 643 Cn.
235 613 376 648 Plancus,
398 612 454 642 Or.
470 611 517 648 II,
535 612 587 641 54.
606 621 624 641 a
640 610 678 640 L.
695 610 802 640 Crasso
817 609 998 641 defenditur.

115 653 238 685 Cluent.
265 658 315 685 51.
330 660 449 685 accusat
472 655 520 684 M.
534 655 670 684 Brutus:
694 653 746 683 sed
768 653 799 683 in
817 652 1001 684 Cluentiansst

115 702 159 727 est
186 697 223 726 L.
241 698 393 728 Plancius.
418 697 512 737 Apud
536 696 765 734 Quintilianum
785 707 865 733 vero,
891 695 952 734 VI,
969 699 1000 727 3.

116 742 171 770 Cn.
190 740 332 777 Plancus,
349 750 409 770 non
428 742 459 771 C.
481 740 563 780 quod
579 739 795 769 Hotomannus
812 739 843 769 in
859 739 1001 778 editione,

113 782 212 813 nescio
228 782 298 822 qua,
324 783 442 824 reperit.
467 783 599 812 Plancus
619 787 648 811 et
674 781 814 812 Plancius
836 782 1002 822 permutari

115 825 265 855 docebunt
281 826 311 857 V
314 836 355 855 ar.
372 826 456 856 Lect.
471 825 571 855 Graev.
585 824 623 855 ad
640 825 720 854 Phil.
734 823 795 861 VI,
806 827 836 854 4.
860 824 909 855 De
923 836 1003 866 prae-

113 864 290 899 nominibus
304 869 385 898 idem
400 868 550 908 intelliges
565 878 602 897 ex
617 867 820 908 sequentibus.

158 912 211 940 Cn.
230 913 374 947 Plancus,
398 922 414 942 e
438 910 600 948 Munatiis,
625 910 663 940 L.
689 910 726 939 F-
747 910 785 940 ad
810 910 882 940 Div.
908 909 950 948 X,
968 910 998 940 6.

113 949 265 983 laudatur.
278 954 351 984 ibid.
367 955 416 984 ll.
435 955 483 989 17.
498 963 532 983 eo
543 953 640 983 utitur
648 953 685 983 L.
697 952 829 983 Plancus
841 953 1002 994 interprete

114 996 154 1026 ad
179 996 344 1037 Lepidum,
366 997 403 1027 de
424 996 541 1037 republ.
559 995 760 1033 defendenda,
778 997 835 1026 διο.
850 996 905 1025 Ad
919 996 1001 1026 hunc

114 1038 238 1079 scriptas
254 1045 342 1079 putat
354 1040 481 1080 Pighius
498 1039 550 1080 (ad
565 1041 608 1068 A.
624 1039 698 1076 710,
712 1048 773 1078 quo
790 1039 849 1069 Cn.
866 1039 1001 1069 Plancus

112 1088 222 1121 praetor
247 1081 319 1121 fuit)
345 1082 420 1112 duas
444 1082 594 1122 epistolas,
618 1091 687 1120 quae
712 1086 782 1110 sunt
812 1083 877 1111 Att.
903 1080 999 1118 XVI,

117 1124 165 1154 16.
183 1124 265 1164 quod
279 1124 485 1154 inscribuntur
502 1126 524 1141 ‘⁶
534 1123 655 1164 praetori
670 1123 857 1162 designato.”
883 1123 977 1154 Recte
990 1135 998 1154 ε

113 1176 186 1196 nam
203 1167 242 1196 L.
257 1167 388 1197 Plancus
409 1168 486 1206 jam,
502 1166 570 1196 vivo
588 1166 612 1195 C
618 1175 720 1201 aesaoe,
737 1165 912 1207 designatus
928 1176 1000 1197 con-

113 1209 161 1239 sul
177 1216 250 1240 erat.
275 1209 337 1239 Hae
352 1216 454 1240 autem
470 1208 604 1249 epistolae
619 1208 736 1248 scriptae
751 1215 822 1238 sunt
836 1215 904 1249 post
919 1218 1002 1239 mor-

114 1258 177 1282 tem
193 1252 330 1289 Caesaris,
347 1258 381 1282 ut
401 1263 438 1282 ex
453 1252 525 1292 ipsis
540 1250 738 1291 intelligitur:
756 1251 808 1282 sed
822 1251 855 1282 in
870 1252 1001 1292 vulgatis

114 1295 319 1325 inscribuntur
335 1297 357 1313 “
374 1295 412 1325 L.
428 1294 578 1324 Planco.”

156 1339 197 1368 L.
216 1338 354 1375 Plancus,
372 1338 409 1368 L.
425 1338 461 1367 F.
478 1337 516 1367 ad
532 1336 603 1367 Div.
622 1335 720 1373 VIII,
737 1336 764 1366 l.
778 1347 796 1366 a
813 1336 931 1368 Caesare
945 1337 1000 1368 do.

112 1387 203 1410 natur
218 1380 329 1421 magna
343 1380 481 1421 pecunia.
505 1380 586 1410 Phil.
608 1379 674 1415 III,
696 1383 743 1410 15.
766 1385 876 1420 praetor
891 1381 1001 1411 Galliae

114 1423 326 1464 Transalpinae
351 1433 389 1453 ex
412 1424 478 1463 lege
500 1422 600 1459 Julia,
627 1423 732 1453 consul
753 1422 935 1463 designatus.
962 1423 1002 1454 ad

111 1464 186 1495 Div.
203 1466 246 1503 X,
274 1467 299 1496 l.
326 1466 431 1496 consul
452 1465 626 1506 designatus
645 1475 716 1495 cum
737 1464 780 1494 D.
798 1465 906 1495 Bruto.
925 1466 1000 1496 ibid.

114 1508 165 1537 15.
182 1508 220 1538 L.
236 1507 407 1539 Antonium
417 1508 617 1549 persequitur.
633 1507 706 1538 ibid.
723 1511 771 1538 18.
791 1507 829 1537 ad
845 1507 1000 1548 Lepidum

109 1593 213 1622 omnia
228 1594 254 1623 ei
277 1594 420 1634 obsequia
435 1593 596 1634 promittit,
617 1593 641 1623 si
657 1603 751 1634 remp.
777 1593 920 1633 respicere
936 1594 1000 1624 vel-

110 1635 161 1665 let.
184 1635 233 1665 De
249 1635 305 1666 hoc
322 1636 447 1673 Planco,
463 1637 588 1676 ejusque
602 1636 696 1666 dubia
711 1636 770 1666 fide
785 1641 814 1665 et
827 1635 999 1666 inconstan-

109 1677 163 1713 tia,
179 1679 316 1718 cognosci
330 1684 428 1719 potest
443 1689 480 1709 ex
501 1678 616 1709 mutuis
631 1679 696 1718 ejus
716 1684 745 1708 et
761 1677 912 1708 Ciceronis
935 1679 999 1719 epi-

106 1720 200 1761 stolis,
210 1721 263 1753 lib.
280 1721 312 1752 X
339 1721 378 1752 ad
393 1721 466 1752 Div.
489 1721 600 1752 Nescio
615 1721 768 1762 quomodo
781 1720 933 1759 acciderit,
948 1727 994 1760 ut,
