<?xml version="1.0" encoding="UTF-8"?>
<!DOCTYPE html PUBLIC "-//W3C//DTD XHTML 1.0 Transitional//EN"
    "http://www.w3.org/TR/xhtml1/DTD/xhtml1-transitional.dtd">
<html xmlns="http://www.w3.org/1999/xhtml" xml:lang="en" lang="en">
 <head>
  <title>
</title>
<meta http-equiv="Content-Type" content="text/html;charset=utf-8" />
  <meta name='ocr-system' content='tesseract 3.04.00' />
  <meta name='ocr-capabilities' content='ocr_page ocr_carea ocr_par ocr_line ocrx_word'/>
</head>
<body>
  <div class='ocr_page' id='page_1' title='image "./operaern12ciceuoft_0044.png"; bbox 0 0 1122 1868; ppageno 0'>
   <div class='ocr_carea' id='block_1_1' title="bbox 151 66 765 98">
    <p class='ocr_par' dir='ltr' id='par_1_1' title="bbox 151 66 765 98">
     <span class='ocr_line' id='line_1_1' title="bbox 151 66 765 98; baseline 0 -2"><span class='ocrx_word' id='word_1_1' title='bbox 151 67 192 96; x_wconf 84' lang='lat'>32</span> <span class='ocrx_word' id='word_1_2' title='bbox 421 66 568 98; x_wconf 81' lang='lat' dir='ltr'>INDEX</span> <span class='ocrx_word' id='word_1_3' title='bbox 594 67 765 98; x_wconf 83' lang='lat' dir='ltr'>LEGUM.</span> 
     </span>
    </p>
   </div>
   <div class='ocr_carea' id='block_1_2' title="bbox 157 151 1062 1772">
    <p class='ocr_par' dir='ltr' id='par_1_2' title="bbox 157 151 1048 491">
     <span class='ocr_line' id='line_1_2' title="bbox 157 151 1042 193; baseline 0.001 -12"><span class='ocrx_word' id='word_1_4' title='bbox 157 151 261 181; x_wconf 84' lang='lat' dir='ltr'>teneri.</span> <span class='ocrx_word' id='word_1_5' title='bbox 283 151 435 182; x_wconf 84' lang='lat' dir='ltr'>Caeterum</span> <span class='ocrx_word' id='word_1_6' title='bbox 452 153 550 183; x_wconf 82' lang='lat' dir='ltr'>multa</span> <span class='ocrx_word' id='word_1_7' title='bbox 568 153 660 192; x_wconf 84' lang='lat' dir='ltr'>hujus</span> <span class='ocrx_word' id='word_1_8' title='bbox 680 153 754 193; x_wconf 86' lang='lat' dir='ltr'>legis</span> <span class='ocrx_word' id='word_1_9' title='bbox 775 153 873 193; x_wconf 78' lang='lat' dir='ltr'>capita</span> <span class='ocrx_word' id='word_1_10' title='bbox 890 152 981 182; x_wconf 88' lang='lat' dir='ltr'>fuisse</span> <span class='ocrx_word' id='word_1_11' title='bbox 995 152 1042 182; x_wconf 88' lang='lat' dir='ltr'>in-</span> 
     </span>
     <span class='ocr_line' id='line_1_3' title="bbox 160 193 1043 236; baseline 0.002 -13"><span class='ocrx_word' id='word_1_12' title='bbox 160 193 256 234; x_wconf 81' lang='lat' dir='ltr'>telligi</span> <span class='ocrx_word' id='word_1_13' title='bbox 270 200 367 235; x_wconf 83' lang='lat' dir='ltr'>potest</span> <span class='ocrx_word' id='word_1_14' title='bbox 384 205 401 225; x_wconf 88' lang='lat' dir='ltr'>e</span> <span class='ocrx_word' id='word_1_15' title='bbox 426 194 513 226; x_wconf 78' lang='lat' dir='ltr'>Coelii</span> <span class='ocrx_word' id='word_1_16' title='bbox 528 196 653 236; x_wconf 66' lang='lat' dir='ltr'>epistola</span> <span class='ocrx_word' id='word_1_17' title='bbox 669 195 736 229; x_wconf 84' lang='lat' dir='ltr'>(Ad</span> <span class='ocrx_word' id='word_1_18' title='bbox 751 194 870 225; x_wconf 85' lang='lat' dir='ltr'>Divers.</span> <span class='ocrx_word' id='word_1_19' title='bbox 890 195 992 233; x_wconf 86' lang='lat' dir='ltr'><strong>VIII,</strong></span> <span class='ocrx_word' id='word_1_20' title='bbox 1009 196 1043 231; x_wconf 88' lang='lat'>8)</span> 
     </span>
     <span class='ocr_line' id='line_1_4' title="bbox 161 237 1046 279; baseline 0 -13"><span class='ocrx_word' id='word_1_21' title='bbox 161 237 225 277; x_wconf 67' lang='lat' dir='ltr'>qua</span> <span class='ocrx_word' id='word_1_22' title='bbox 238 246 336 267; x_wconf 87' lang='lat' dir='ltr'>unum</span> <span class='ocrx_word' id='word_1_23' title='bbox 349 243 379 268; x_wconf 92' lang='lat' dir='ltr'>et</span> <span class='ocrx_word' id='word_1_24' title='bbox 390 238 588 268; x_wconf 83' lang='lat' dir='ltr'>centesimum</span> <span class='ocrx_word' id='word_1_25' title='bbox 602 244 692 279; x_wconf 80' lang='lat' dir='ltr'>caput</span> <span class='ocrx_word' id='word_1_26' title='bbox 706 237 848 267; x_wconf 84' lang='lat' dir='ltr'>laudatur</span> <span class='ocrx_word' id='word_1_27' title='bbox 860 248 870 274; x_wconf 76' lang='grc' dir='ltr'><strong>ς</strong></span> <span class='ocrx_word' id='word_1_28' title='bbox 894 247 963 278; x_wconf 81' lang='lat' dir='ltr'>quae</span> <span class='ocrx_word' id='word_1_29' title='bbox 982 237 1046 277; x_wconf 85' lang='lat' dir='ltr'>epi-</span> 
     </span>
     <span class='ocr_line' id='line_1_5' title="bbox 162 279 1047 321; baseline 0 -12"><span class='ocrx_word' id='word_1_30' title='bbox 162 279 239 310; x_wconf 82' lang='lat' dir='ltr'>stola</span> <span class='ocrx_word' id='word_1_31' title='bbox 249 280 382 310; x_wconf 86' lang='lat' dir='ltr'>multum</span> <span class='ocrx_word' id='word_1_32' title='bbox 390 280 462 310; x_wconf 83' lang='lat' dir='ltr'>facit</span> <span class='ocrx_word' id='word_1_33' title='bbox 473 280 511 310; x_wconf 85' lang='lat' dir='ltr'>ad</span> <span class='ocrx_word' id='word_1_34' title='bbox 520 281 612 320; x_wconf 72' lang='lat' dir='ltr'><strong>huju&#39;s</strong></span> <span class='ocrx_word' id='word_1_35' title='bbox 624 280 698 321; x_wconf 84' lang='lat' dir='ltr'>legis</span> <span class='ocrx_word' id='word_1_36' title='bbox 710 280 856 310; x_wconf 81' lang='lat' dir='ltr'>rationem</span> <span class='ocrx_word' id='word_1_37' title='bbox 868 289 1047 320; x_wconf 87' lang='lat' dir='ltr'>cognoscen-</span> 
     </span>
     <span class='ocr_line' id='line_1_6' title="bbox 163 321 1048 363; baseline 0.001 -12"><span class='ocrx_word' id='word_1_38' title='bbox 163 321 244 352; x_wconf 84' lang='lat' dir='ltr'>dam.</span> <span class='ocrx_word' id='word_1_39' title='bbox 270 322 342 353; x_wconf 90' lang='lat' dir='ltr'>Huc</span> <span class='ocrx_word' id='word_1_40' title='bbox 357 323 486 363; x_wconf 81' lang='lat' dir='ltr'>pertinet</span> <span class='ocrx_word' id='word_1_41' title='bbox 507 323 598 353; x_wconf 82' lang='lat' dir='ltr'>etiam</span> <span class='ocrx_word' id='word_1_42' title='bbox 613 323 707 359; x_wconf 82' lang='lat' dir='ltr'>locus,</span> <span class='ocrx_word' id='word_1_43' title='bbox 725 323 823 352; x_wconf 84' lang='lat' dir='ltr'>Flacc.</span> <span class='ocrx_word' id='word_1_44' title='bbox 846 333 870 353; x_wconf 87' lang='lat' dir='ltr'>c.</span> <span class='ocrx_word' id='word_1_45' title='bbox 890 323 918 352; x_wconf 88' lang='grc'>6.</span> <span class='ocrx_word' id='word_1_46' title='bbox 939 322 990 352; x_wconf 80' lang='lat' dir='ltr'>Ex</span> <span class='ocrx_word' id='word_1_47' title='bbox 1011 321 1048 352; x_wconf 81' lang='lat' dir='ltr'>iis</span> 
     </span>
     <span class='ocr_line' id='line_1_7' title="bbox 164 364 1047 406; baseline 0 -12"><span class='ocrx_word' id='word_1_48' title='bbox 164 364 240 404; x_wconf 48' lang='lat' dir='ltr'>legia</span> <span class='ocrx_word' id='word_1_49' title='bbox 256 365 402 406; x_wconf 78' lang='lat' dir='ltr'>capitibus</span> <span class='ocrx_word' id='word_1_50' title='bbox 418 366 516 395; x_wconf 78' lang='lat' dir='ltr'>multa</span> <span class='ocrx_word' id='word_1_51' title='bbox 536 372 650 395; x_wconf 77' lang='lat' dir='ltr'>servata</span> <span class='ocrx_word' id='word_1_52' title='bbox 670 371 740 395; x_wconf 70' lang='lat' dir='ltr'>sunt</span> <span class='ocrx_word' id='word_1_53' title='bbox 761 365 791 394; x_wconf 86' lang='lat' dir='ltr'>in</span> <span class='ocrx_word' id='word_1_54' title='bbox 813 365 973 401; x_wconf 86' lang='lat' dir='ltr'>Pandecte‚</span> <span class='ocrx_word' id='word_1_55' title='bbox 994 364 1047 394; x_wconf 85' lang='lat' dir='ltr'>lib.</span> 
     </span>
     <span class='ocr_line' id='line_1_8' title="bbox 167 407 1048 448; baseline 0 -12"><span class='ocrx_word' id='word_1_56' title='bbox 167 407 333 444; x_wconf 77' lang='lat' dir='ltr'><strong>XLVIII,</strong></span> <span class='ocrx_word' id='word_1_57' title='bbox 350 408 394 438; x_wconf 85' lang='lat' dir='ltr'>tit.</span> <span class='ocrx_word' id='word_1_58' title='bbox 415 409 462 437; x_wconf 83' lang='lat'>11.</span> <span class='ocrx_word' id='word_1_59' title='bbox 487 408 559 438; x_wconf 82' lang='lat' dir='ltr'>vid.</span> <span class='ocrx_word' id='word_1_60' title='bbox 577 408 613 438; x_wconf 90' lang='lat' dir='ltr'>de</span> <span class='ocrx_word' id='word_1_61' title='bbox 628 408 683 438; x_wconf 84' lang='lat' dir='ltr'>hac</span> <span class='ocrx_word' id='word_1_62' title='bbox 692 408 758 448; x_wconf 82' lang='lat' dir='ltr'>lege</span> <span class='ocrx_word' id='word_1_63' title='bbox 769 408 854 448; x_wconf 89' lang='lat' dir='ltr'>Lips.</span> <span class='ocrx_word' id='word_1_64' title='bbox 871 407 909 437; x_wconf 82' lang='lat' dir='ltr'>ad</span> <span class='ocrx_word' id='word_1_65' title='bbox 919 407 993 437; x_wconf 87' lang='lat' dir='ltr'>Tac.</span> <span class='ocrx_word' id='word_1_66' title='bbox 1006 408 1048 437; x_wconf 89' lang='lat' dir='ltr'>A.</span> 
     </span>
     <span class='ocr_line' id='line_1_9' title="bbox 165 449 891 491; baseline 0 -11"><span class='ocrx_word' id='word_1_67' title='bbox 165 449 262 487; x_wconf 84' lang='lat' dir='ltr'>XIV,</span> <span class='ocrx_word' id='word_1_68' title='bbox 279 452 331 488; x_wconf 77' lang='lat'>28,</span> <span class='ocrx_word' id='word_1_69' title='bbox 348 456 376 480; x_wconf 90' lang='lat' dir='ltr'>et</span> <span class='ocrx_word' id='word_1_70' title='bbox 393 451 528 491; x_wconf 86' lang='lat' dir='ltr'>Interpp.</span> <span class='ocrx_word' id='word_1_71' title='bbox 542 451 678 481; x_wconf 74' lang='lat' dir='ltr'>Suetonii</span> <span class='ocrx_word' id='word_1_72' title='bbox 693 451 730 480; x_wconf 88' lang='lat' dir='ltr'>ad</span> <span class='ocrx_word' id='word_1_73' title='bbox 746 450 822 480; x_wconf 63' lang='lat' dir='ltr'>Caes.</span> <span class='ocrx_word' id='word_1_74' title='bbox 839 451 891 480; x_wconf 90' lang='grc'>43.</span> 
     </span>
    </p>

    <p class='ocr_par' dir='ltr' id='par_1_3' title="bbox 169 493 1053 661">
     <span class='ocr_line' id='line_1_10' title="bbox 214 493 1053 533; baseline 0 -11"><span class='ocrx_word' id='word_1_75' title='bbox 214 493 299 522; x_wconf 77' lang='lat' dir='ltr'>Julia</span> <span class='ocrx_word' id='word_1_76' title='bbox 316 495 351 522; x_wconf 83' lang='lat' dir='ltr'>de</span> <span class='ocrx_word' id='word_1_77' title='bbox 365 495 532 522; x_wconf 69' lang='lat' dir='ltr'>sacerdotiis</span> <span class='ocrx_word' id='word_1_78' title='bbox 547 494 618 529; x_wconf 77' lang='lat' dir='ltr'>lata,</span> <span class='ocrx_word' id='word_1_79' title='bbox 634 493 665 522; x_wconf 90' lang='lat' dir='ltr'>in</span> <span class='ocrx_word' id='word_1_80' title='bbox 681 494 743 533; x_wconf 64' lang='lat' dir='ltr'>qua</span> <span class='ocrx_word' id='word_1_81' title='bbox 757 493 808 523; x_wconf 77' lang='lat' dir='ltr'>lex</span> <span class='ocrx_word' id='word_1_82' title='bbox 825 493 955 523; x_wconf 76' lang='lat' dir='ltr'>Domitia</span> <span class='ocrx_word' id='word_1_83' title='bbox 968 502 1053 533; x_wconf 86' lang='lat' dir='ltr'>repe-</span> 
     </span>
     <span class='ocr_line' id='line_1_11' title="bbox 170 534 1053 575; baseline 0 -11"><span class='ocrx_word' id='word_1_84' title='bbox 170 534 237 573; x_wconf 72' lang='lat' dir='ltr'>tica,</span> <span class='ocrx_word' id='word_1_85' title='bbox 255 541 284 565; x_wconf 86' lang='lat' dir='ltr'>et</span> <span class='ocrx_word' id='word_1_86' title='bbox 299 535 326 565; x_wconf 85' lang='lat' dir='ltr'>ei</span> <span class='ocrx_word' id='word_1_87' title='bbox 341 535 481 575; x_wconf 76' lang='lat' dir='ltr'>quaedam</span> <span class='ocrx_word' id='word_1_88' title='bbox 499 536 600 566; x_wconf 82' lang='lat' dir='ltr'>addita</span> <span class='ocrx_word' id='word_1_89' title='bbox 615 542 694 566; x_wconf 84' lang='lat' dir='ltr'>sunt.</span> <span class='ocrx_word' id='word_1_90' title='bbox 718 536 769 565; x_wconf 88' lang='lat' dir='ltr'>Ex</span> <span class='ocrx_word' id='word_1_91' title='bbox 785 536 820 565; x_wconf 72' lang='grc' dir='ltr'>εἲι</span> <span class='ocrx_word' id='word_1_92' title='bbox 838 536 947 565; x_wconf 80' lang='lat' dir='ltr'>licebat</span> <span class='ocrx_word' id='word_1_93' title='bbox 962 535 1053 565; x_wconf 87' lang='lat' dir='ltr'>etiam</span> 
     </span>
     <span class='ocr_line' id='line_1_12' title="bbox 169 577 1052 609; baseline 0 -1"><span class='ocrx_word' id='word_1_94' title='bbox 169 578 299 608; x_wconf 87' lang='lat' dir='ltr'>absentis</span> <span class='ocrx_word' id='word_1_95' title='bbox 324 578 471 608; x_wconf 83' lang='lat' dir='ltr'>rationem</span> <span class='ocrx_word' id='word_1_96' title='bbox 494 579 604 609; x_wconf 85' lang='lat' dir='ltr'>habere</span> <span class='ocrx_word' id='word_1_97' title='bbox 627 579 658 608; x_wconf 89' lang='lat' dir='ltr'>in</span> <span class='ocrx_word' id='word_1_98' title='bbox 685 578 818 609; x_wconf 83' lang='lat' dir='ltr'>creandis</span> <span class='ocrx_word' id='word_1_99' title='bbox 842 577 1052 609; x_wconf 78' lang='lat' dir='ltr'>sacerdotibus.</span> 
     </span>
     <span class='ocr_line' id='line_1_13' title="bbox 170 620 435 661; baseline 0 -11"><span class='ocrx_word' id='word_1_100' title='bbox 170 620 225 650; x_wconf 87' lang='lat' dir='ltr'>Ad</span> <span class='ocrx_word' id='word_1_101' title='bbox 240 620 329 650; x_wconf 84' lang='lat' dir='ltr'>Brut.</span> <span class='ocrx_word' id='word_1_102' title='bbox 343 631 389 661; x_wconf 92' lang='lat' dir='ltr'>ep.</span> <span class='ocrx_word' id='word_1_103' title='bbox 406 623 435 650; x_wconf 88' lang='lat'>5.</span> 
     </span>
    </p>

    <p class='ocr_par' dir='ltr' id='par_1_4' title="bbox 171 662 1062 1772">
     <span class='ocr_line' id='line_1_14' title="bbox 212 662 1054 701; baseline 0.001 -9"><span class='ocrx_word' id='word_1_104' title='bbox 212 662 297 692; x_wconf 77' lang='lat' dir='ltr'>Julia</span> <span class='ocrx_word' id='word_1_105' title='bbox 312 664 496 701; x_wconf 76' lang='lat' dir='ltr'>sumtum-ia,</span> <span class='ocrx_word' id='word_1_106' title='bbox 518 663 570 697; x_wconf 83' lang='lat' dir='ltr'>(ad</span> <span class='ocrx_word' id='word_1_107' title='bbox 592 664 660 694; x_wconf 84' lang='lat' dir='ltr'><strong>Att.</strong></span> <span class='ocrx_word' id='word_1_108' title='bbox 681 663 783 701; x_wconf 71' lang='lat' dir='ltr'><strong>XIII,</strong></span> <span class='ocrx_word' id='word_1_109' title='bbox 802 664 845 701; x_wconf 87' lang='grc'>7)</span> <span class='ocrx_word' id='word_1_110' title='bbox 872 674 890 693; x_wconf 89' lang='lat' dir='ltr'>a</span> <span class='ocrx_word' id='word_1_111' title='bbox 911 663 1054 693; x_wconf 82' lang='lat' dir='ltr'><strong>dictatore</strong></span> 
     </span>
     <span class='ocr_line' id='line_1_15' title="bbox 173 704 1050 747; baseline 0.001 -12"><span class='ocrx_word' id='word_1_112' title='bbox 173 704 294 736; x_wconf 71' lang='lat' dir='ltr'>Caesare</span> <span class='ocrx_word' id='word_1_113' title='bbox 302 706 372 736; x_wconf 85' lang='lat' dir='ltr'>lata.</span> <span class='ocrx_word' id='word_1_114' title='bbox 398 706 598 747; x_wconf 82' lang='lat' dir='ltr'><strong>Quamquam</strong></span> <span class='ocrx_word' id='word_1_115' title='bbox 614 707 696 736; x_wconf 86' lang='lat' dir='ltr'>enim</span> <span class='ocrx_word' id='word_1_116' title='bbox 707 707 743 736; x_wconf 86' lang='lat' dir='ltr'>P.</span> <span class='ocrx_word' id='word_1_117' title='bbox 754 706 927 743; x_wconf 82' lang='lat' dir='ltr'>Manutius,</span> <span class='ocrx_word' id='word_1_118' title='bbox 938 706 977 736; x_wconf 86' lang='lat' dir='ltr'>ad</span> <span class='ocrx_word' id='word_1_119' title='bbox 987 705 1050 736; x_wconf 89' lang='lat' dir='ltr'>Cic.</span> 
     </span>
     <span class='ocr_line' id='line_1_16' title="bbox 172 748 1054 789; baseline 0.002 -12"><span class='ocrx_word' id='word_1_120' title='bbox 172 758 219 788; x_wconf 90' lang='lat' dir='ltr'>ep.</span> <span class='ocrx_word' id='word_1_121' title='bbox 231 748 270 778; x_wconf 88' lang='lat' dir='ltr'>ad</span> <span class='ocrx_word' id='word_1_122' title='bbox 285 748 404 779; x_wconf 87' lang='lat' dir='ltr'>Divers.</span> <span class='ocrx_word' id='word_1_123' title='bbox 422 749 470 779; x_wconf 81' lang='lat' dir='ltr'>VJ</span> <span class='ocrx_word' id='word_1_124' title='bbox 474 749 502 787; x_wconf 91' lang='grc' dir='ltr'>Ι,</span> <span class='ocrx_word' id='word_1_125' title='bbox 519 750 572 784; x_wconf 63' lang='lat'>26„</span> <span class='ocrx_word' id='word_1_126' title='bbox 584 749 674 789; x_wconf 86' lang='lat' dir='ltr'>plane</span> <span class='ocrx_word' id='word_1_127' title='bbox 686 755 771 779; x_wconf 83' lang='lat' dir='ltr'>vocat</span> <span class='ocrx_word' id='word_1_128' title='bbox 785 749 817 778; x_wconf 87' lang='lat' dir='ltr'>in</span> <span class='ocrx_word' id='word_1_129' title='bbox 833 748 962 779; x_wconf 87' lang='lat' dir='ltr'>dubium</span> <span class='ocrx_word' id='word_1_130' title='bbox 976 748 1054 779; x_wconf 86' lang='lat' dir='ltr'>hanc</span> 
     </span>
     <span class='ocr_line' id='line_1_17' title="bbox 171 791 1055 832; baseline 0.001 -12"><span class='ocrx_word' id='word_1_131' title='bbox 171 791 283 831; x_wconf 76' lang='lat' dir='ltr'>legem,</span> <span class='ocrx_word' id='word_1_132' title='bbox 307 797 398 832; x_wconf 84' lang='lat' dir='ltr'>atque</span> <span class='ocrx_word' id='word_1_133' title='bbox 417 792 508 821; x_wconf 72' lang='lat' dir='ltr'>etiam</span> <span class='ocrx_word' id='word_1_134' title='bbox 525 792 655 830; x_wconf 80' lang='lat' dir='ltr'><strong>Gellius,</strong></span> <span class='ocrx_word' id='word_1_135' title='bbox 678 791 726 829; x_wconf 80' lang='grc' dir='ltr'>ΙΙ,</span> <span class='ocrx_word' id='word_1_136' title='bbox 747 792 802 829; x_wconf 72' lang='grc'>24,</span> <span class='ocrx_word' id='word_1_137' title='bbox 821 791 988 822; x_wconf 75' lang='lat' dir='ltr'>Octaviano</span> <span class='ocrx_word' id='word_1_138' title='bbox 1002 791 1055 821; x_wconf 83' lang='lat' dir='ltr'>tri-</span> 
     </span>
     <span class='ocr_line' id='line_1_18' title="bbox 173 833 1056 874; baseline 0 -10"><span class='ocrx_word' id='word_1_139' title='bbox 173 834 242 864; x_wconf 81' lang='lat' dir='ltr'>buit</span> <span class='ocrx_word' id='word_1_140' title='bbox 264 834 384 863; x_wconf 69' lang='lat' dir='ltr'>,Iuliam</span> <span class='ocrx_word' id='word_1_141' title='bbox 399 834 622 870; x_wconf 80' lang='lat' dir='ltr'>sumtuariam;</span> <span class='ocrx_word' id='word_1_142' title='bbox 647 841 747 865; x_wconf 85' lang='lat' dir='ltr'>tamen</span> <span class='ocrx_word' id='word_1_143' title='bbox 771 844 808 864; x_wconf 82' lang='lat' dir='ltr'>ex</span> <span class='ocrx_word' id='word_1_144' title='bbox 825 834 846 863; x_wconf 88' lang='lat' dir='ltr'>L</span> <span class='ocrx_word' id='word_1_145' title='bbox 870 844 894 864; x_wconf 90' lang='lat' dir='ltr'>c.</span> <span class='ocrx_word' id='word_1_146' title='bbox 911 833 981 864; x_wconf 71' lang='lat' dir='ltr'>satis</span> <span class='ocrx_word' id='word_1_147' title='bbox 1003 844 1056 874; x_wconf 83' lang='lat' dir='ltr'>ap-</span> 
     </span>
     <span class='ocr_line' id='line_1_19' title="bbox 172 876 1059 918; baseline 0.001 -13"><span class='ocrx_word' id='word_1_148' title='bbox 172 882 270 916; x_wconf 73' lang='lat' dir='ltr'>paret,</span> <span class='ocrx_word' id='word_1_149' title='bbox 287 877 453 917; x_wconf 85' lang='lat' dir='ltr'>superiores</span> <span class='ocrx_word' id='word_1_150' title='bbox 475 877 656 907; x_wconf 80' lang='lat' dir='ltr'>summarias</span> <span class='ocrx_word' id='word_1_151' title='bbox 671 878 750 918; x_wconf 86' lang='lat' dir='ltr'>leges</span> <span class='ocrx_word' id='word_1_152' title='bbox 769 878 808 907; x_wconf 88' lang='lat' dir='ltr'>ab</span> <span class='ocrx_word' id='word_1_153' title='bbox 823 886 858 907; x_wconf 85' lang='lat' dir='ltr'>eo</span> <span class='ocrx_word' id='word_1_154' title='bbox 876 876 1015 917; x_wconf 80' lang='lat' dir='ltr'>repetitas</span> <span class='ocrx_word' id='word_1_155' title='bbox 1030 882 1059 906; x_wconf 86' lang='lat' dir='ltr'>et</span> 
     </span>
     <span class='ocr_line' id='line_1_20' title="bbox 174 919 1061 960; baseline 0.001 -12"><span class='ocrx_word' id='word_1_156' title='bbox 174 919 305 949; x_wconf 86' lang='lat' dir='ltr'>severius</span> <span class='ocrx_word' id='word_1_157' title='bbox 321 919 447 950; x_wconf 80' lang='lat' dir='ltr'>sancitas</span> <span class='ocrx_word' id='word_1_158' title='bbox 462 919 562 950; x_wconf 82' lang='lat' dir='ltr'>fuisse.</span> <span class='ocrx_word' id='word_1_159' title='bbox 587 920 671 950; x_wconf 80' lang='lat' dir='ltr'>Nam</span> <span class='ocrx_word' id='word_1_160' title='bbox 686 926 842 960; x_wconf 83' lang='lat' dir='ltr'>propterea</span> <span class='ocrx_word' id='word_1_161' title='bbox 856 929 894 949; x_wconf 84' lang='lat' dir='ltr'>ex</span> <span class='ocrx_word' id='word_1_162' title='bbox 909 919 1061 960; x_wconf 68' lang='lat' dir='ltr'>Hispania</span> 
     </span>
     <span class='ocr_line' id='line_1_21' title="bbox 175 961 1058 1003; baseline 0.001 -12"><span class='ocrx_word' id='word_1_163' title='bbox 175 961 303 1001; x_wconf 77' lang='lat' dir='ltr'>scripsit,</span> <span class='ocrx_word' id='word_1_164' title='bbox 329 972 359 992; x_wconf 86' lang='lat' dir='ltr'>se</span> <span class='ocrx_word' id='word_1_165' title='bbox 382 969 486 1003; x_wconf 87' lang='lat' dir='ltr'>postea</span> <span class='ocrx_word' id='word_1_166' title='bbox 507 963 617 993; x_wconf 86' lang='lat' dir='ltr'>Romae</span> <span class='ocrx_word' id='word_1_167' title='bbox 637 972 825 997; x_wconf 81' lang='lat' dir='ltr'>mansurum,</span> <span class='ocrx_word' id='word_1_168' title='bbox 841 971 878 991; x_wconf 88' lang='lat' dir='ltr'>ne</span> <span class='ocrx_word' id='word_1_169' title='bbox 901 962 981 1002; x_wconf 86' lang='lat' dir='ltr'>leges</span> <span class='ocrx_word' id='word_1_170' title='bbox 996 972 1058 992; x_wconf 87' lang='lat' dir='ltr'>suae</span> 
     </span>
     <span class='ocr_line' id='line_1_22' title="bbox 174 1004 1059 1045; baseline 0.001 -12"><span class='ocrx_word' id='word_1_171' title='bbox 174 1004 411 1044; x_wconf 83' lang='lat' dir='ltr'>negligerentur,</span> <span class='ocrx_word' id='word_1_172' title='bbox 427 1012 461 1035; x_wconf 89' lang='lat' dir='ltr'>ut</span> <span class='ocrx_word' id='word_1_173' title='bbox 476 1006 610 1045; x_wconf 84' lang='lat' dir='ltr'>neglecta</span> <span class='ocrx_word' id='word_1_174' title='bbox 625 1011 700 1036; x_wconf 80' lang='lat' dir='ltr'>esset</span> <span class='ocrx_word' id='word_1_175' title='bbox 713 1005 777 1042; x_wconf 75' lang='lat' dir='ltr'>illa,</span> <span class='ocrx_word' id='word_1_176' title='bbox 794 1014 887 1045; x_wconf 82' lang='lat' dir='ltr'>quarn</span> <span class='ocrx_word' id='word_1_177' title='bbox 903 1004 939 1034; x_wconf 88' lang='lat' dir='ltr'>de</span> <span class='ocrx_word' id='word_1_178' title='bbox 950 1004 1059 1034; x_wconf 87' lang='lat' dir='ltr'>sumti-</span> 
     </span>
     <span class='ocr_line' id='line_1_23' title="bbox 175 1047 1060 1087; baseline 0 -11"><span class='ocrx_word' id='word_1_179' title='bbox 175 1047 234 1076; x_wconf 86' lang='lat' dir='ltr'>bus</span> <span class='ocrx_word' id='word_1_180' title='bbox 250 1047 393 1077; x_wconf 85' lang='lat' dir='ltr'>faciendis</span> <span class='ocrx_word' id='word_1_181' title='bbox 408 1048 533 1078; x_wconf 82' lang='lat' dir='ltr'>tulisset.</span> <span class='ocrx_word' id='word_1_182' title='bbox 556 1048 589 1079; x_wconf 79' lang='lat' dir='ltr'>Si</span> <span class='ocrx_word' id='word_1_183' title='bbox 603 1049 641 1078; x_wconf 90' lang='lat' dir='ltr'>ab</span> <span class='ocrx_word' id='word_1_184' title='bbox 657 1048 715 1078; x_wconf 88' lang='lat' dir='ltr'>alio</span> <span class='ocrx_word' id='word_1_185' title='bbox 730 1049 791 1078; x_wconf 85' lang='lat' dir='ltr'>lata</span> <span class='ocrx_word' id='word_1_186' title='bbox 806 1047 972 1077; x_wconf 84' lang='lat' dir='ltr'>sumtuaria</span> <span class='ocrx_word' id='word_1_187' title='bbox 986 1056 1060 1087; x_wconf 87' lang='lat' dir='ltr'>neg-</span> 
     </span>
     <span class='ocr_line' id='line_1_24' title="bbox 174 1089 1059 1131; baseline 0.001 -13"><span class='ocrx_word' id='word_1_188' title='bbox 174 1089 253 1119; x_wconf 85' lang='lat' dir='ltr'>lecta</span> <span class='ocrx_word' id='word_1_189' title='bbox 268 1095 353 1127; x_wconf 83' lang='lat' dir='ltr'>esset,</span> <span class='ocrx_word' id='word_1_190' title='bbox 369 1096 404 1120; x_wconf 88' lang='lat' dir='ltr'>ut</span> <span class='ocrx_word' id='word_1_191' title='bbox 418 1091 516 1131; x_wconf 89' lang='lat' dir='ltr'>placet</span> <span class='ocrx_word' id='word_1_192' title='bbox 530 1091 685 1127; x_wconf 75' lang='lat' dir='ltr'>Manufio,</span> <span class='ocrx_word' id='word_1_193' title='bbox 700 1090 781 1120; x_wconf 83' lang='lat' dir='ltr'>unde</span> <span class='ocrx_word' id='word_1_194' title='bbox 796 1090 881 1120; x_wconf 85' lang='lat' dir='ltr'>timet</span> <span class='ocrx_word' id='word_1_195' title='bbox 896 1089 1007 1127; x_wconf 63' lang='lat' dir='ltr'>Caesar⁷</span> <span class='ocrx_word' id='word_1_196' title='bbox 1020 1100 1059 1120; x_wconf 85' lang='lat' dir='ltr'>ne</span> 
     </span>
     <span class='ocr_line' id='line_1_25' title="bbox 177 1132 1058 1173; baseline 0.001 -12"><span class='ocrx_word' id='word_1_197' title='bbox 177 1142 241 1162; x_wconf 80' lang='lat' dir='ltr'>suae</span> <span class='ocrx_word' id='word_1_198' title='bbox 266 1142 387 1173; x_wconf 90' lang='lat' dir='ltr'>quoque</span> <span class='ocrx_word' id='word_1_199' title='bbox 416 1139 646 1163; x_wconf 80' lang='lat' dir='ltr'>contemnantur</span> <span class='ocrx_word' id='word_1_200' title='bbox 659 1135 672 1163; x_wconf 83' lang='lat'>?</span> <span class='ocrx_word' id='word_1_201' title='bbox 703 1132 848 1163; x_wconf 82' lang='lat' dir='ltr'>Aliorum</span> <span class='ocrx_word' id='word_1_202' title='bbox 871 1133 952 1172; x_wconf 88' lang='lat' dir='ltr'>leges</span> <span class='ocrx_word' id='word_1_203' title='bbox 980 1143 1058 1173; x_wconf 81' lang='lat' dir='ltr'>saepe</span> 
     </span>
     <span class='ocr_line' id='line_1_26' title="bbox 176 1173 1058 1216; baseline 0.002 -13"><span class='ocrx_word' id='word_1_204' title='bbox 176 1173 327 1214; x_wconf 87' lang='lat' dir='ltr'>neglectas</span> <span class='ocrx_word' id='word_1_205' title='bbox 342 1176 452 1205; x_wconf 83' lang='lat' dir='ltr'>scimus</span> <span class='ocrx_word' id='word_1_206' title='bbox 469 1176 543 1216; x_wconf 83' lang='lat' dir='ltr'>(vid.</span> <span class='ocrx_word' id='word_1_207' title='bbox 561 1187 588 1206; x_wconf 91' lang='lat' dir='ltr'>v.</span> <span class='ocrx_word' id='word_1_208' title='bbox 605 1187 630 1206; x_wconf 91' lang='lat' dir='ltr'>c.</span> <span class='ocrx_word' id='word_1_209' title='bbox 645 1176 857 1206; x_wconf 65' lang='lat' dir='ltr'>Frumentum</span> <span class='ocrx_word' id='word_1_210' title='bbox 872 1174 959 1216; x_wconf 76' lang='lat' dir='ltr'>leges)</span> <span class='ocrx_word' id='word_1_211' title='bbox 973 1185 983 1211; x_wconf 78' lang='grc' dir='ltr'><strong>ς</strong></span> <span class='ocrx_word' id='word_1_212' title='bbox 1007 1175 1058 1205; x_wconf 85' lang='lat' dir='ltr'>sed</span> 
     </span>
     <span class='ocr_line' id='line_1_27' title="bbox 177 1217 1058 1259; baseline 0.002 -13"><span class='ocrx_word' id='word_1_213' title='bbox 177 1226 239 1246; x_wconf 89' lang='lat' dir='ltr'>non</span> <span class='ocrx_word' id='word_1_214' title='bbox 255 1217 341 1248; x_wconf 81' lang='lat' dir='ltr'>facile</span> <span class='ocrx_word' id='word_1_215' title='bbox 355 1219 423 1249; x_wconf 73' lang='lat' dir='ltr'><strong>w&#39;vo</strong></span> <span class='ocrx_word' id='word_1_216' title='bbox 437 1219 540 1257; x_wconf 77' lang='lat' dir='ltr'>latore,</span> <span class='ocrx_word' id='word_1_217' title='bbox 553 1218 585 1248; x_wconf 89' lang='lat' dir='ltr'>in</span> <span class='ocrx_word' id='word_1_218' title='bbox 600 1219 706 1259; x_wconf 84' lang='lat' dir='ltr'>primis</span> <span class='ocrx_word' id='word_1_219' title='bbox 720 1229 766 1255; x_wconf 76' lang='lat' dir='ltr'>eo,</span> <span class='ocrx_word' id='word_1_220' title='bbox 783 1218 835 1259; x_wconf 90' lang='lat' dir='ltr'>qui</span> <span class='ocrx_word' id='word_1_221' title='bbox 849 1225 955 1258; x_wconf 87' lang='lat' dir='ltr'>potens</span> <span class='ocrx_word' id='word_1_222' title='bbox 970 1225 1058 1257; x_wconf 86' lang='lat' dir='ltr'>esset,</span> 
     </span>
     <span class='ocr_line' id='line_1_28' title="bbox 176 1260 1061 1302; baseline 0.002 -13"><span class='ocrx_word' id='word_1_223' title='bbox 176 1264 207 1289; x_wconf 83' lang='lat' dir='ltr'>et</span> <span class='ocrx_word' id='word_1_224' title='bbox 232 1260 330 1300; x_wconf 87' lang='lat' dir='ltr'>legem</span> <span class='ocrx_word' id='word_1_225' title='bbox 356 1271 442 1291; x_wconf 88' lang='lat' dir='ltr'>suam</span> <span class='ocrx_word' id='word_1_226' title='bbox 466 1268 671 1292; x_wconf 83' lang='lat' dir='ltr'>conservatam</span> <span class='ocrx_word' id='word_1_227' title='bbox 694 1261 793 1292; x_wconf 81' lang='lat' dir='ltr'>vellet.</span> <span class='ocrx_word' id='word_1_228' title='bbox 826 1261 934 1302; x_wconf 85' lang='lat' dir='ltr'><strong>Itaque</strong></span> <span class='ocrx_word' id='word_1_229' title='bbox 960 1261 1061 1291; x_wconf 84' lang='lat' dir='ltr'>Caesar</span> 
     </span>
     <span class='ocr_line' id='line_1_29' title="bbox 176 1303 1060 1344; baseline 0.002 -13"><span class='ocrx_word' id='word_1_230' title='bbox 176 1311 238 1332; x_wconf 88' lang='lat' dir='ltr'>non</span> <span class='ocrx_word' id='word_1_231' title='bbox 264 1303 409 1343; x_wconf 61' lang='lat' dir='ltr'>putasset,</span> <span class='ocrx_word' id='word_1_232' title='bbox 433 1304 490 1334; x_wconf 90' lang='lat' dir='ltr'>hoc</span> <span class='ocrx_word' id='word_1_233' title='bbox 512 1304 544 1334; x_wconf 90' lang='lat' dir='ltr'>in</span> <span class='ocrx_word' id='word_1_234' title='bbox 566 1304 613 1333; x_wconf 88' lang='lat' dir='ltr'>his</span> <span class='ocrx_word' id='word_1_235' title='bbox 638 1304 755 1344; x_wconf 86' lang='lat' dir='ltr'>legibus</span> <span class='ocrx_word' id='word_1_236' title='bbox 778 1314 922 1334; x_wconf 85' lang='lat' dir='ltr'>ausurum</span> <span class='ocrx_word' id='word_1_237' title='bbox 953 1313 1060 1344; x_wconf 86' lang='lat' dir='ltr'>quem-</span> 
     </span>
     <span class='ocr_line' id='line_1_30' title="bbox 178 1346 1059 1388; baseline 0.002 -14"><span class='ocrx_word' id='word_1_238' title='bbox 178 1355 293 1385; x_wconf 83' lang='lat' dir='ltr'>quam3</span> <span class='ocrx_word' id='word_1_239' title='bbox 318 1352 347 1376; x_wconf 88' lang='lat' dir='ltr'>et</span> <span class='ocrx_word' id='word_1_240' title='bbox 361 1352 517 1387; x_wconf 83' lang='lat' dir='ltr'>propterea</span> <span class='ocrx_word' id='word_1_241' title='bbox 528 1347 559 1376; x_wconf 91' lang='lat' dir='ltr'>in</span> <span class='ocrx_word' id='word_1_242' title='bbox 575 1346 757 1388; x_wconf 84' lang='lat' dir='ltr'>Hispaniam</span> <span class='ocrx_word' id='word_1_243' title='bbox 767 1346 851 1377; x_wconf 89' lang='lat' dir='ltr'>abiit.</span> <span class='ocrx_word' id='word_1_244' title='bbox 872 1346 976 1384; x_wconf 80' lang='lat' dir='ltr'>Nunc,</span> <span class='ocrx_word' id='word_1_245' title='bbox 989 1357 1059 1377; x_wconf 90' lang='lat' dir='ltr'>cum</span> 
     </span>
     <span class='ocr_line' id='line_1_31' title="bbox 178 1387 1060 1429; baseline 0.002 -12"><span class='ocrx_word' id='word_1_246' title='bbox 178 1387 266 1418; x_wconf 79' lang='lat' dir='ltr'>aliter</span> <span class='ocrx_word' id='word_1_247' title='bbox 280 1388 360 1419; x_wconf 87' lang='lat' dir='ltr'>videt</span> <span class='ocrx_word' id='word_1_248' title='bbox 380 1390 522 1427; x_wconf 84' lang='lat' dir='ltr'>evenisse,</span> <span class='ocrx_word' id='word_1_249' title='bbox 543 1395 572 1420; x_wconf 89' lang='lat' dir='ltr'>et</span> <span class='ocrx_word' id='word_1_250' title='bbox 589 1390 653 1429; x_wconf 89' lang='lat' dir='ltr'>jam</span> <span class='ocrx_word' id='word_1_251' title='bbox 668 1389 790 1419; x_wconf 81' lang='lat' dir='ltr'>initium</span> <span class='ocrx_word' id='word_1_252' title='bbox 810 1388 1060 1429; x_wconf 85' lang='lat' dir='ltr'>negligendarum</span> 
     </span>
     <span class='ocr_line' id='line_1_32' title="bbox 179 1429 1060 1470; baseline 0.003 -11"><span class='ocrx_word' id='word_1_253' title='bbox 179 1429 282 1470; x_wconf 86' lang='lat' dir='ltr'>legum</span> <span class='ocrx_word' id='word_1_254' title='bbox 294 1442 418 1462; x_wconf 89' lang='lat' dir='ltr'>suarum</span> <span class='ocrx_word' id='word_1_255' title='bbox 433 1432 547 1462; x_wconf 87' lang='lat' dir='ltr'>factum</span> <span class='ocrx_word' id='word_1_256' title='bbox 562 1443 623 1462; x_wconf 83' lang='lat' dir='ltr'>esse</span> <span class='ocrx_word' id='word_1_257' title='bbox 637 1433 669 1462; x_wconf 90' lang='lat' dir='ltr'>in</span> <span class='ocrx_word' id='word_1_258' title='bbox 683 1432 859 1469; x_wconf 71' lang='lat' dir='ltr'>sumtuarisi,</span> <span class='ocrx_word' id='word_1_259' title='bbox 869 1431 979 1462; x_wconf 86' lang='lat' dir='ltr'>Romae</span> <span class='ocrx_word' id='word_1_260' title='bbox 993 1441 1060 1462; x_wconf 85' lang='lat' dir='ltr'>ma-</span> 
     </span>
     <span class='ocr_line' id='line_1_33' title="bbox 178 1474 1061 1515; baseline 0.002 -13"><span class='ocrx_word' id='word_1_261' title='bbox 178 1481 250 1502; x_wconf 89' lang='lat' dir='ltr'>nere</span> <span class='ocrx_word' id='word_1_262' title='bbox 265 1474 340 1511; x_wconf 71' lang='lat' dir='ltr'>vult,</span> <span class='ocrx_word' id='word_1_263' title='bbox 357 1481 391 1504; x_wconf 92' lang='lat' dir='ltr'>ut</span> <span class='ocrx_word' id='word_1_264' title='bbox 406 1475 563 1515; x_wconf 70' lang='lat' dir='ltr'>praesentia</span> <span class='ocrx_word' id='word_1_265' title='bbox 578 1475 633 1505; x_wconf 72' lang='lat' dir='ltr'>sua</span> <span class='ocrx_word' id='word_1_266' title='bbox 648 1476 808 1506; x_wconf 85' lang='lat' dir='ltr'>absterreat</span> <span class='ocrx_word' id='word_1_267' title='bbox 823 1474 960 1505; x_wconf 88' lang='lat' dir='ltr'>homines</span> <span class='ocrx_word' id='word_1_268' title='bbox 974 1485 993 1504; x_wconf 87' lang='lat' dir='ltr'>a</span> <span class='ocrx_word' id='word_1_269' title='bbox 1007 1474 1061 1505; x_wconf 81' lang='lat' dir='ltr'>tali</span> 
     </span>
     <span class='ocr_line' id='line_1_34' title="bbox 179 1515 1060 1558; baseline 0.002 -14"><span class='ocrx_word' id='word_1_270' title='bbox 179 1524 213 1544; x_wconf 86' lang='lat' dir='ltr'>re</span> <span class='ocrx_word' id='word_1_271' title='bbox 232 1515 379 1546; x_wconf 59' lang='lat' dir='ltr'>audenda.</span> <span class='ocrx_word' id='word_1_272' title='bbox 404 1517 556 1558; x_wconf 80' lang='lat' dir='ltr'>Denique,</span> <span class='ocrx_word' id='word_1_273' title='bbox 581 1519 605 1548; x_wconf 90' lang='lat' dir='ltr'>si</span> <span class='ocrx_word' id='word_1_274' title='bbox 625 1518 746 1548; x_wconf 83' lang='lat' dir='ltr'>alterius</span> <span class='ocrx_word' id='word_1_275' title='bbox 770 1517 869 1558; x_wconf 88' lang='lat' dir='ltr'>legem</span> <span class='ocrx_word' id='word_1_276' title='bbox 891 1517 1060 1557; x_wconf 84' lang='lat' dir='ltr'>neglectam</span> 
     </span>
     <span class='ocr_line' id='line_1_35' title="bbox 178 1556 1062 1601; baseline 0.002 -14"><span class='ocrx_word' id='word_1_277' title='bbox 178 1556 276 1588; x_wconf 89' lang='lat' dir='ltr'>dicere</span> <span class='ocrx_word' id='word_1_278' title='bbox 291 1559 396 1597; x_wconf 78' lang='lat' dir='ltr'>voluit,</span> <span class='ocrx_word' id='word_1_279' title='bbox 413 1570 466 1590; x_wconf 91' lang='lat' dir='ltr'>cur</span> <span class='ocrx_word' id='word_1_280' title='bbox 480 1561 677 1590; x_wconf 76' lang='lat' dir='ltr'>sumtuariam</span> <span class='ocrx_word' id='word_1_281' title='bbox 690 1561 789 1601; x_wconf 90' lang='lat' dir='ltr'>potius</span> <span class='ocrx_word' id='word_1_282' title='bbox 804 1559 951 1597; x_wconf 81' lang='lat' dir='ltr'>nominat,</span> <span class='ocrx_word' id='word_1_283' title='bbox 967 1570 1062 1600; x_wconf 85' lang='lat' dir='ltr'>quam</span> 
     </span>
     <span class='ocr_line' id='line_1_36' title="bbox 178 1601 1061 1644; baseline 0.002 -14"><span class='ocrx_word' id='word_1_284' title='bbox 178 1610 405 1642; x_wconf 85' lang='lat' dir='ltr'>quamcumque</span> <span class='ocrx_word' id='word_1_285' title='bbox 426 1603 544 1633; x_wconf 82' lang='lat' dir='ltr'>aliam?</span> <span class='ocrx_word' id='word_1_286' title='bbox 568 1603 618 1633; x_wconf 83' lang='lat' dir='ltr'>De</span> <span class='ocrx_word' id='word_1_287' title='bbox 637 1603 693 1634; x_wconf 84' lang='lat' dir='ltr'>hac</span> <span class='ocrx_word' id='word_1_288' title='bbox 712 1603 777 1644; x_wconf 84' lang='lat' dir='ltr'>lege</span> <span class='ocrx_word' id='word_1_289' title='bbox 801 1601 927 1634; x_wconf 82' lang='lat' dir='ltr'>Caesaris</span> <span class='ocrx_word' id='word_1_290' title='bbox 950 1602 1061 1632; x_wconf 86' lang='lat' dir='ltr'>intelli-</span> 
     </span>
     <span class='ocr_line' id='line_1_37' title="bbox 178 1643 1056 1684; baseline 0.002 -12"><span class='ocrx_word' id='word_1_291' title='bbox 178 1643 295 1682; x_wconf 88' lang='lat' dir='ltr'>gendus</span> <span class='ocrx_word' id='word_1_292' title='bbox 310 1644 373 1674; x_wconf 90' lang='lat' dir='ltr'>sine</span> <span class='ocrx_word' id='word_1_293' title='bbox 388 1645 480 1675; x_wconf 90' lang='lat' dir='ltr'>dubio</span> <span class='ocrx_word' id='word_1_294' title='bbox 495 1652 539 1675; x_wconf 85' lang='lat' dir='ltr'>est</span> <span class='ocrx_word' id='word_1_295' title='bbox 553 1646 643 1676; x_wconf 84' lang='lat' dir='ltr'>etiam</span> <span class='ocrx_word' id='word_1_296' title='bbox 663 1646 757 1684; x_wconf 81' lang='lat' dir='ltr'>locus,</span> <span class='ocrx_word' id='word_1_297' title='bbox 770 1645 808 1675; x_wconf 89' lang='lat' dir='ltr'>ad</span> <span class='ocrx_word' id='word_1_298' title='bbox 823 1645 894 1675; x_wconf 88' lang='lat' dir='ltr'>Div.</span> <span class='ocrx_word' id='word_1_299' title='bbox 912 1644 974 1681; x_wconf 73' lang='lat' dir='ltr'>IX,</span> <span class='ocrx_word' id='word_1_300' title='bbox 996 1647 1032 1675; x_wconf 86' lang='lat'>15</span> <span class='ocrx_word' id='word_1_301' title='bbox 1047 1656 1056 1674; x_wconf 70' lang='grc' dir='ltr'><strong><em>ε</em></strong></span> 
     </span>
     <span class='ocr_line' id='line_1_38' title="bbox 177 1687 1058 1730; baseline 0.005 -16"><span class='ocrx_word' id='word_1_302' title='bbox 177 1694 250 1715; x_wconf 87' lang='lat' dir='ltr'>nam</span> <span class='ocrx_word' id='word_1_303' title='bbox 272 1697 307 1716; x_wconf 85' lang='lat' dir='ltr'>ea</span> <span class='ocrx_word' id='word_1_304' title='bbox 331 1687 455 1727; x_wconf 85' lang='lat' dir='ltr'>epistola</span> <span class='ocrx_word' id='word_1_305' title='bbox 475 1689 583 1728; x_wconf 85' lang='lat' dir='ltr'>scripta</span> <span class='ocrx_word' id='word_1_306' title='bbox 598 1695 641 1719; x_wconf 87' lang='lat' dir='ltr'>est</span> <span class='ocrx_word' id='word_1_307' title='bbox 656 1689 748 1730; x_wconf 85' lang='lat' dir='ltr'>paulo</span> <span class='ocrx_word' id='word_1_308' title='bbox 764 1694 833 1718; x_wconf 83' lang='lat' dir='ltr'>ante</span> <span class='ocrx_word' id='word_1_309' title='bbox 848 1697 941 1729; x_wconf 89' lang='lat' dir='ltr'>quam</span> <span class='ocrx_word' id='word_1_310' title='bbox 957 1687 1058 1718; x_wconf 80' lang='lat' dir='ltr'>Caesar</span> 
     </span>
     <span class='ocr_line' id='line_1_39' title="bbox 177 1727 1054 1772; baseline 0.003 -14"><span class='ocrx_word' id='word_1_311' title='bbox 177 1727 207 1758; x_wconf 86' lang='lat' dir='ltr'>in</span> <span class='ocrx_word' id='word_1_312' title='bbox 225 1728 406 1771; x_wconf 82' lang='lat' dir='ltr'>Hispaniam</span> <span class='ocrx_word' id='word_1_313' title='bbox 418 1730 473 1762; x_wconf 87' lang='lat' dir='ltr'>iret</span> <span class='ocrx_word' id='word_1_314' title='bbox 483 1738 549 1772; x_wconf 80' lang='lat' dir='ltr'><strong>post</strong></span> <span class='ocrx_word' id='word_1_315' title='bbox 561 1731 676 1763; x_wconf 87' lang='lat' dir='ltr'>bellum</span> <span class='ocrx_word' id='word_1_316' title='bbox 687 1731 878 1763; x_wconf 81' lang='lat' dir='ltr'>Africanum.</span> <span class='ocrx_word' id='word_1_317' title='bbox 903 1730 1054 1763; x_wconf 81' lang='lat' dir='ltr'>Caeterum</span> 
     </span>
    </p>
   </div>
  </div>
 </body>
</html>
