1122 1868
89 45 151 85 2⁵98
303 55 450 88 INDEX
474 56 759 90 HISTORICUS.

87 138 124 169 lis
139 138 170 169 in
187 138 313 171 dicendo
326 142 425 173 fuerit.
452 142 526 173 Fuit
535 143 640 173 consul
655 153 725 174 cum
736 142 869 173 Lentulo
881 141 972 182 Spin-

90 181 184 212 there.
206 184 276 213 Sen.
292 195 323 225 p.
341 186 380 215 R.
400 187 431 221 7.
452 186 624 216 inimicitias
639 196 709 216 cum
725 186 869 216 Cicerone
880 184 974 225 depo-

88 224 153 260 nit;
188 235 286 266 neque
323 228 476 258 intercedit
505 229 637 259 Lentulo
650 240 659 264 ;
694 235 785 269 atque
813 227 904 258 etiam
933 227 972 256 de

90 266 234 298 Cicerone
257 269 357 307 refert,
374 277 402 301 et
422 271 489 301 fert.
522 272 614 301 Dom.
631 273 682 306 47.
705 272 784 310 Ejus
810 280 883 301 avus
909 279 972 300 esse

93 310 202 341 dicitur
217 311 444 351 Macedonicus,
465 314 517 354 qui
533 321 632 344 tamen
650 320 693 344 est
707 316 829 344 abavus.

124 354 220 391 fileto,
229 356 297 385 Att.
308 355 389 393 XII,
398 357 427 386 3.
436 360 489 386 et5
496 358 508 386 l
515 379 522 386 .
529 357 587 386 fuit
597 357 712 387 debitor
721 355 882 393 Ciceronis,
890 354 972 395 quod

89 406 127 426 ex
148 398 241 427 altero
255 398 320 428 loco
336 410 381 440 ep.
399 401 450 429 51.
468 400 538 430 satis
553 400 631 429 clare
646 406 788 440 apparet:
813 399 876 435 sed,
900 397 973 438 quia

87 438 169 469 istud
193 440 312 471 tardum
328 452 439 472 nomen
459 449 531 479 erat,
548 442 627 472 ludit
642 443 672 472 in
689 442 822 478 nomine,
838 447 867 471 et
889 440 971 470 diem

89 481 245 513 solutionis
268 486 290 501 “
307 495 422 514 annum
447 485 581 515 Metonis
592 486 611 498 ''
632 485 775 526 appellat.
806 484 973 514 Dicebatur

89 524 171 555 enim
181 536 278 556 annus
294 527 428 557 Metonis
442 538 496 568 per
510 528 702 568 proverbium
717 537 771 568 pro
791 527 882 566 longo
897 532 974 556 tem-

90 577 172 607 pore.
196 569 321 610 Proprie
336 577 438 600 autem
454 580 551 600 annus
562 570 696 600 Metonis
709 576 752 600 est
763 569 863 610 cyclus
878 568 976 598 unde-

88 609 195 650 viginti
210 621 370 650 annorum,
395 613 448 654 qui
468 614 626 643 Metonem
651 619 858 643 astronomum
873 617 976 641 aucto-

90 662 154 682 rem
183 654 322 685 habebat.
356 656 396 686 V.
424 656 550 686 Diodor.
584 656 643 686 Sic.
668 655 748 693 XII,
773 665 804 696 p.
829 655 880 685 94.
904 653 974 683 add.

90 694 215 726 Manut.
232 698 335 735 Quaes.
354 709 408 738 per
423 699 506 739 epist.
526 699 554 735 I,
571 699 601 728 6.

134 741 252 777 DIetra,
279 741 318 770 ad
345 741 418 771 Div.
435 741 512 780 XV,
535 743 564 771 4.
591 741 683 772 homo
697 740 780 782 apud
796 740 976 771 Ariobarza-

93 790 163 811 nem
179 784 336 822 gratiosus.

135 823 292 856 Mecrilius
308 828 454 865 Philemo,
472 827 545 857 Div.
564 826 644 863 VII,
658 827 706 856 18.
721 825 878 857 libertinus
893 825 976 856 vide-

91 872 152 904 tur,
177 879 231 908 pro
255 880 316 910 quo
343 871 506 900 Manutius
530 870 716 909 conjiciebat,
745 872 793 901 M.
812 869 974 905 sEmz'Iius,

91 911 177 948 cujus
200 913 314 943 mentio
343 920 387 944 est
410 913 491 953 apud
518 913 685 943 Asconium
705 913 737 942 in
761 912 976 942 Milonianam.

90 952 272 993 Rutgersius
298 963 411 993 autem,
430 956 502 987 Var.
526 956 610 986 Lect.
628 954 693 995 III,
713 957 745 993 2,
770 954 888 985 mavult
905 954 975 984 Me-

93 996 187 1026 tilius.

135 1039 342 1077 Metrodorus,
359 1042 511 1082 Scepsius,
529 1041 584 1072 Or.
608 1041 636 1078 I,
662 1044 708 1071 ll.
733 1040 895 1070 Carneadis
921 1050 977 1069 au-

93 1081 180 1113 ditor.
204 1083 291 1114 Orat.
309 1083 356 1121 ΙΙ,
387 1087 437 1114 88.
472 1085 566 1115 Tusc.
582 1084 645 1121 Qu.
663 1083 690 1121 I,
715 1084 766 1112 24.
794 1083 897 1112 divina
917 1082 977 1111 fuit

92 1125 255 1156 memoria:
281 1127 318 1157 de
333 1127 396 1168 qua
409 1127 478 1158 add.
495 1127 575 1157 Plin.
592 1126 671 1163 VII,
697 1129 748 1156 27.
772 1125 810 1155 ad
825 1135 917 1166 quem
933 1124 978 1154 lo-

93 1177 165 1198 cum
186 1180 214 1199 v.
242 1169 392 1200 Harduin.
414 1170 545 1200 Emend.
563 1171 612 1199 80.
630 1169 683 1199 ubi
698 1175 727 1199 et
749 1168 786 1198 de
801 1174 887 1198 aetate
902 1168 980 1206 ejus.

93 1209 182 1241 Idem
196 1212 276 1241 Plin.
290 1213 434 1251 XXXV,
451 1217 459 1244 l
474 1217 498 1243 1.
513 1212 708 1242 excellentem
720 1211 865 1252 pictorem
873 1210 977 1248 fuisse,

95 1258 125 1283 et
140 1254 178 1283 L.
196 1255 286 1284 Pauli
301 1255 408 1286 liberos
423 1256 585 1286 erudivisse
601 1255 700 1284 tradit.

138 1296 346 1335 BIetrodorus,
367 1298 474 1329 Chius.
498 1297 594 1328 Acad.
615 1297 677 1333 IV,
695 1300 746 1328 23.
771 1295 894 1326 initium
908 1295 978 1325 libri

95 1339 160 1377 ejus
175 1340 212 1370 de
227 1342 346 1372 natura.
369 1342 536 1372 Democriti
551 1340 728 1381 discipulus,
741 1346 770 1370 et
783 1338 980 1379 Hippocratis

97 1389 248 1421 maglster.

138 1426 346 1465 illem-odorus,
359 1427 539 1468 Epicureus,
555 1426 762 1463 Atheniensis,
788 1424 856 1455 Fin.
873 1424 923 1461 II,
939 1424 972 1453 3.

95 1467 260 1507 sapientem
272 1480 303 1499 se
315 1472 352 1500 ab
368 1470 502 1511 Epicuro
517 1469 663 1511 appellari
678 1469 801 1509 patitur.
818 1467 911 1497 Tusc-
928 1465 975 1503 II,

93 1512 126 1538 8.
142 1511 205 1548 ejus
220 1511 290 1541 libri
305 1522 365 1542 non
380 1514 534 1554 leguntur,
558 1512 616 1542 nisi
631 1513 669 1541 ab
685 1510 851 1551 Epicureis.
875 1509 980 1546 Quare

95 1552 321 1592 Lampsacenus
337 1555 433 1585 dictus
457 1556 505 1594 sit,
531 1566 600 1586 cum
627 1553 819 1584 Atheniensis
846 1558 933 1589 esset,
950 1561 979 1582 v.

95 1594 251 1632 Jonsium,
269 1596 297 1633 I,
314 1599 342 1626 2.
360 1598 389 1627 6.
414 1598 540 1639 Menag.
557 1599 595 1629 ad
611 1598 716 1627 Lae'rt.
731 1596 777 1634 X,
789 1599 842 1626 22.

140 1636 347 1677 Bletrodorus,
363 1640 401 1670 ad
417 1640 488 1671 Div.
506 1641 602 1679 XVI,
618 1641 670 1670 20.

140 1680 349 1720 Metuscilius,
367 1683 431 1712 Att.
449 1683 547 1721 VIII,
571 1689 618 1715 12.
636 1681 848 1722 Pompeianus.

137 1723 254 1763 Midas,
270 1724 364 1756 Tusc.
387 1726 415 1763 I,
433 1728 461 1755 4.
478 1736 532 1767 pro
548 1725 642 1759 Sileni
654 1725 733 1766 capti
747 1724 889 1755 missione
900 1722 976 1765 quid
