1122 1868
156 69 216 99 136
366 69 514 103 INDEX
537 71 824 104 HisTORICUs.

149 163 210 184 non
225 155 315 195 plane
333 157 485 197 probetur.
508 158 604 198 Legg.
627 158 656 195 Ῐ,
673 160 705 195 2,
721 157 880 188 historicus
896 156 1036 195 Latinus,

149 197 268 228 Fannio
284 200 420 239 aequalis,
443 202 610 231 accuratius
631 201 748 241 scripsit
763 200 976 242 superioribus,
992 206 1038 230 ta-

148 250 219 270 men
244 241 307 271 sine
333 243 438 272 nitore.
471 243 519 273 De
541 244 718 284 compendio
743 245 807 283 ejus
826 254 844 273 a
870 243 920 273 Μ.
938 243 1037 273 Bruto

148 282 238 320 facto,
257 295 283 313 v.
300 285 331 314 in
348 287 399 315 M.
414 288 539 316 Brutus.
564 287 613 316 De
628 297 662 317 co
673 287 887 317 rid-Vossium
902 285 939 315 de
956 285 1037 315 Hist-

154 325 225 355 Lat.
243 326 270 363 Ι,
288 329 317 357 ὃ.

192 370 360 409 Antipater
376 373 578 411 Cyrenaicus,
600 372 694 402 Tusc-
713 371 756 410 V,
776 372 829 409 37,
853 382 948 402 caecus
969 370 1038 401 fuit.

152 411 202 442 De
217 423 252 442 eo
268 414 326 444 vid.
345 415 448 445 Laert.
463 416 511 453 Il,
529 418 579 445 80⁵.

192 456 360 495 Antipater
373 460 529 495 Derbetes,
551 458 590 489 ad
605 458 677 489 Div.
694 457 794 496 XIII,
812 459 865 495 73,
881 456 1039 487 familiaris

153 496 320 530 Ciceronis.

194 541 362 582 Aulilmlcr
373 545 530 581 Sidonius,
543 544 598 575 Or.
610 545 678 581 ΙΙΙ,
690 546 742 581 50,
755 544 792 574 de
804 544 882 573 Fato
894 545 926 581 2,
938 545 1040 583 poe'ta,

149 584 202 624 qui
218 592 333 624 poterat
350 598 452 617 versus
467 588 658 618 hexametros
678 587 813 627 aliosque
829 586 917 616 variis
940 585 1039 615 modis

148 627 276 658 fundere
298 640 334 659 ex
351 636 493 670 tempore.
522 631 628 669 Hujus
644 630 801 670 Antipatri
822 629 1041 669 epigrammata

149 676 220 700 sunt
243 672 383 711 quaedam
403 673 435 702 in
459 673 660 713 Anthologia,
686 683 755 713 quae
778 678 918 712 suggeret
941 670 1040 701 Index

149 713 324 744 Auctorum
344 716 469 745 Anthol.
486 718 653 755 subjectus.

191 759 369 795 Antipater,
387 758 477 788 Offic.
496 758 542 795 ΙΙ,
559 761 613 796 2-1,
631 758 756 799 Tyrius,
774 758 905 793 Stoicus,
918 756 1040 787 Cicero-

149 798 196 828 nis
219 802 405 840 temporibus
429 802 541 838 floruit,
567 808 596 832 et
620 801 713 842 paulo
733 807 803 831 ante
824 806 962 830 mortuus
982 804 1039 837 est,

149 852 243 881 quam
265 843 345 874 tilius
367 844 416 874 M.
433 845 586 875 Ciceronis
600 845 740 874 Athenas
757 843 893 874 venisset.
923 843 974 872 Ex
989 852 1039 871 eo-

149 884 219 914 dem
244 885 310 916 loco
326 887 454 927 intelligi
470 894 578 928 potest,
601 898 673 917 eum
693 887 731 916 de
749 887 854 916 officiis
877 885 1039 926 scripsisse.

152 926 274 958 Dicitur
289 930 371 960 enim
386 931 611 970 reprehendisse
626 930 810 969 Panaetium,
821 929 903 970 quod
915 928 947 958 in
960 927 1043 958 utili-

151 975 250 1003 tatum
265 973 422 1013 praeceptis
438 973 579 1014 quaedan]
594 973 737 1003 omiserit.

193 1014 363 1054 Antipater
378 1017 549 1053 Tarsensis,
566 1016 659 1046 Acad.
677 1016 739 1052 IV,
757 1016 788 1050 6,
801 1013 1042 1056 reprehenditur,

150 1056 234 1097 quod
249 1065 351 1088 contra
364 1059 561 1089 Academicos
578 1059 623 1092 (in
638 1059 745 1099 primis
758 1057 962 1094 Carneadem)
979 1056 1040 1085 dis-

149 1105 244 1140 putet.
268 1101 318 1130 De
334 1101 437 1131 Divin.
454 1101 483 1139 Ἰ,
507 1103 539 1137 3,
561 1101 622 1131 duo
642 1102 734 1131 libros
750 1101 844 1130 edidit
859 1100 896 1129 de
912 1099 1042 1129 Divina-

151 1143 240 1173 tione.
264 1143 313 1173 De
329 1144 433 1174 Divin.
452 1146 480 1181 Ι,
502 1146 555 1181 20,
581 1145 628 1180 ΙΙ,
650 1145 699 1181 15,
723 1144 839 1180 statuit,
853 1142 892 1173 ad
912 1142 1042 1171 hostiam

149 1185 353 1225 deligendam,
376 1187 484 1217 duceni
505 1198 567 1217 esse
591 1188 653 1216 vini
678 1186 844 1227 quamdam
864 1185 1043 1215 sentientem

151 1235 243 1268 atque
265 1229 412 1265 divinam,
437 1241 506 1271 quae
525 1236 587 1260 toto
607 1229 733 1259 confusa
748 1229 865 1258 mundo
880 1228 927 1258 sit.
951 1227 1043 1257 Offic.

153 1271 221 1308 ΙΙΙ,
252 1272 300 1307 12,
330 1273 476 1313 Diogenis
503 1273 668 1313 Babylonii
691 1272 869 1312 discipulus,
901 1270 1043 1311 quaedam

152 1313 290 1353 magistri
306 1316 506 1355 reprehendit.
530 1316 574 1345 Hi
591 1324 648 1345 tres
665 1315 820 1355 Antipatri
841 1323 919 1354 saepe
937 1324 955 1342 a
970 1313 1042 1343 doc-

153 1356 278 1387 tissimis
303 1358 478 1389 hominibus
496 1358 728 1399 permiscentur,
752 1368 780 1387 v.
800 1368 825 1388 c.
849 1356 994 1393 stanleia,
1013 1366 1046 1396 p.

153 1400 226 1434 (555,
244 1400 297 1440 qui
313 1401 403 1431 nimis
418 1402 468 1431 hie
484 1401 581 1431 brevis
597 1408 651 1437 est,
665 1401 765 1431 Graev.
776 1400 815 1430 ad
830 1399 920 1430 Offic.
932 1397 978 1435 ΙΙ,
990 1400 1044 1437 24,

154 1442 212 1471 &c
242 1444 424 1474 Accuratius
447 1444 611 1474 distinxere
638 1444 755 1474 Fabric.
779 1444 818 1474 B.
839 1443 879 1473 G.
903 1441 968 1481 ΙΙΙ,
994 1442 1044 1480 15,

154 1484 293 1522 Jonsius,
312 1486 340 1523 Ι,
360 1488 409 1516 13.

197 1529 376 1567 Antipater,
393 1530 483 1561 Offie.
501 1530 547 1567 ΙΙ,
567 1531 617 1568 14,
629 1541 682 1560 rex
692 1529 890 1560 Macedoniae.
914 1528 993 1567 Ejus
1005 1527 1044 1557 ad

156 1568 363 1601 Cassandrum
376 1573 475 1603 filium
491 1573 628 1614 epistola.
650 1573 771 1603 Dicitur
785 1583 850 1609 rex,
863 1571 936 1612 quia
945 1577 1046 1611 potes-

155 1618 216 1642 tate
230 1613 313 1653 regia
327 1624 401 1645 usus
416 1623 460 1646 est
482 1622 551 1656 post
567 1616 734 1647 Alexandri
750 1615 799 1646 M.
818 1621 960 1652 mortem,
976 1623 1046 1653 rege

157 1655 302 1696 Philippo
317 1657 449 1688 Aridaeo.
481 1659 650 1690 Cassander
666 1659 792 1689 demum
807 1657 947 1689 diadema
961 1665 1046 1687 sum-

157 1697 207 1728 sit.

199 1740 372 1780 Antiphon,
392 1744 451 1774 Att.
471 1744 533 1783 IV,
554 1745 604 1781 15,
621 1754 734 1781 servus,
751 1743 867 1774 histrio.
