1137 1848
313 96 463 127 INDEX
487 96 773 128 HISTORICUS'.
931 97 989 130 133

121 211 125 216 ,
158 181 206 211 Τι’.
224 182 391 218 Canutius,
409 183 494 223 (trib.
508 181 569 222 pl.)
583 182 622 212 ad
638 182 712 212 Div.
730 181 810 217 XII,
827 182 857 210 3.
878 181 1000 212 Cicero-

113 233 184 254 nem
208 224 355 265 producit.
378 225 452 256 ibid.
479 229 530 256 253.
557 225 638 255 Phil.
666 224 732 263 ΙΙΙ,
764 228 794 255 Ξ).
829 225 871 255 V.
902 239 917 254 1
901 225 999 254 Ueriz.

115 267 154 296 A.
171 266 215 296 H.
232 278 257 297 c.
274 272 303 298 2.

158 311 272 349 Capsu),
291 310 371 340 Phil.
392 311 436 349 Χ,
461 312 509 341 10.
527 310 590 345 XI,
613 313 643 340 0.
665 296 832 341 veteranus.
856 310 885 339 V
891 309 954 348 111,
971 310 1002 339 3.

115 352 153 382 de
167 363 258 393 grege
273 354 401 384 Antonii
416 354 540 391 nebulo,
556 354 700 384 centurio.

163 397 194 425 C.
214 400 237 424 (
240 407 257 425 (1
256 398 335 435 I‘chc),
352 397 419 427 Att.
436 396 536 433 XIII,
554 397 752 427 Caesarianus.
767 396 805 427 ad
818 396 881 426 Div
886 419 891 426 .
902 396 932 425 V
936 395 1002 433 ΙΙΙ,

117 439 147 468 8.
161 438 262 476 XIII,
281 444 331 470 29.
348 450 514 480 cognomen
531 440 655 470 familiae
669 440 779 470 Ateiae.
802 440 842 470 V.
860 440 982 468 ..steina

160 482 201 511 L.
225 484 342 521 Capito,
368 484 408 520 Q.
430 483 481 513 Fr.
504 482 568 519 ΙΙΙ,
596 487 622 513 l.
646 485 675 512 5.
697 493 767 513 cum
793 482 830 513 C.
852 481 1005 512 Memmio

118 524 186 554 trib.
203 526 245 565 pl.
263 526 431 556 Gabinium
446 527 588 566 postulat.

163 569 290 607 Capias,
307 569 345 599 ad
368 568 441 598 Div.
458 568 537 605 VH,
561 572 612 598 24.
627 568 743 598 histrio.
767 567 827 599 Sed
842 567 1006 608 legendum

118 617 193 651 puto
217 613 333 649 Catius,
358 622 373 641 e
397 612 529 651 vestigiis
550 612 644 642 MSS.
671 612 724 652 qui
747 593 1006 641 11abent⁰Citzuss

120 653 177 684 nisi
200 654 231 684 id
257 661 301 685 est
324 664 379 694 pro
400 656 518 693 Cipius
537 660 572 684 ut
594 655 686 684 habet
711 654 830 690 Festus,
852 654 908 683 in
913 654 1008 683 Non

120 697 262 727 omnibus
284 697 435 733 dormio?
460 705 495 727 ut
516 698 613 737 placet
631 699 681 727 A.
678 704 708 726 t
724 697 910 736 Augustino,
927 696 1009 737 quod

121 745 197 769 esset
217 740 334 770 familia
357 739 454 780 Cipia.
479 740 539 770 Sed
560 750 619 770 non
643 747 687 770 est
707 750 824 769 necesse
845 749 956 769 nomen
979 739 1011 768 id

121 792 183 812 esse
198 783 333 819 familiae,
351 793 420 813 cum
435 782 487 812 ille
503 783 539 813 sit
554 783 669 813 histrio.

166 826 310 864 Caprius,
337 826 410 856 Nat.
439 825 482 854 D.
511 825 576 863 ΙΙΙ,
604 830 655 856 23.
680 831 765 866 pater
790 825 932 865 Dionysi,
958 835 1011 854 seu

123 868 238 898 Bacchi
253 869 423 908 eujusdam.

168 912 277 946 Carbo,
294 912 333 941 ad
349 911 423 941 Div.
440 911 502 949 IX,
525 915 575 942 21.
594 921 759 952 cognomen
784 911 904 940 familiae
920 910 1013 950 Papi-

123 953 175 984 riae
189 954 323 995 plebeiae.
348 954 399 984 De
414 955 470 984 hac
485 955 603 984 familia
618 954 744 995 epistola
755 954 808 983 illa
822 953 943 983 classica
958 960 1011 983 est.

124 996 176 1027 De
210 997 400 1028 Carbonibus
430 998 550 1038 egregia
579 997 727 1037 congessit
756 996 943 1033 Vafflantus,
974 996 1012 1026 de

125 1040 223 1069 Num.
240 1040 329 1070 Fam.
343 1041 384 1070 R.
408 1040 467 1070 Sed
484 1051 510 1070 v.
528 1041 618 1080 impr.
636 1040 732 1070 Periz.
749 1040 790 1069 A.
806 1039 849 1068 H.
868 1050 892 1069 c.
909 1043 938 1070 3.

171 1085 203 1113 C.
222 1084 330 1120 Carbo,
352 1083 480 1113 Arvina.
504 1083 542 1113 ad
559 1084 632 1113 Div.
651 1082 712 1118 IX,
738 1087 788 1112 21.
803 1093 821 1111 a
837 1083 875 1112 L.
894 1082 1013 1112 Dama-

125 1124 212 1166 sippo
235 1132 362 1166 praetore
385 1126 498 1156 occisus
522 1133 575 1156 est.
601 1126 689 1155 Unus
709 1136 725 1155 e
745 1124 937 1156 Carbonibus
960 1126 1013 1155 bo-

124 1177 183 1198 nus
198 1168 269 1198 civis
284 1169 352 1198 fuit.
376 1169 517 1209 Pighius,
533 1169 572 1199 ad
588 1169 629 1199 A.
643 1170 716 1199 669.
732 1175 821 1210 putat
836 1178 897 1198 esse
912 1168 1010 1197 filium

127 1211 207 1247 Caii,
224 1211 278 1252 qui
293 1222 311 1242 a
327 1212 436 1242 Crasso
452 1219 608 1242 accusatus
623 1218 676 1241 est.

172 1256 230 1284 Cn.
247 1264 299 1284 seu
317 1256 353 1285 C.
373 1256 480 1291 Carbo,
507 1261 536 1284 et
551 1256 615 1294 ejus
630 1255 733 1291 frater,
750 1264 862 1291 scutra,
884 1253 923 1283 ad
939 1252 1013 1283 Div.

128 1295 189 1333 IX,
207 1300 258 1327 21.
274 1297 411 1327 homines
426 1298 567 1337 improbi.

173 1341 230 1370 Cn.
247 1341 354 1378 Carbo⁷
371 1340 409 1370 ad
426 1340 499 1370 Div.
518 1340 579 1378 IX,
604 1344 655 1371 21.
673 1351 690 1370 a
705 1339 754 1370 M.
775 1339 913 1369 Antonio
928 1348 1016 1369 accu-

129 1387 223 1421 satus,
240 1389 408 1413 atramento
424 1383 536 1413 sutorio
551 1390 663 1420 sumto,
685 1383 822 1412 moritur.
847 1383 883 1412 P.
900 1381 1017 1411 Manu-

131 1425 190 1455 tius
205 1432 293 1466 putat
314 1436 375 1456 esse
396 1426 517 1456 Metelli
539 1426 676 1466 Caprarii
696 1426 727 1455 in
748 1425 905 1455 consulatu
927 1425 1017 1454 colle-

130 1478 211 1508 gam.
235 1468 326 1507 Ejus,
343 1475 462 1498 auctore
480 1468 635 1505 Cicerone,
653 1469 673 1498 1.
690 1479 714 1498 c.
733 1474 790 1498 tres
804 1468 859 1498 filii
874 1468 906 1497 hi
922 1473 993 1497 sunt
1007 1478 1016 1496 ι

176 1512 234 1541 Cn.
252 1513 360 1548 Carbo,
376 1511 408 1541 in
425 1512 455 1541 V
459 1522 513 1541 err.
533 1510 560 1549 Ι,
583 1512 612 1540 4.
630 1520 765 1552 procons.
787 1511 907 1548 Gailiae,
933 1521 1018 1550 quae-

132 1558 210 1584 stote
224 1554 328 1584 Verre.
349 1554 386 1584 de
401 1553 457 1584 Or.
477 1553 543 1593 ΙΙΙ,
565 1557 594 1584 3.
611 1560 654 1584 ter
677 1554 781 1584 consul
801 1554 867 1583 fuit.
885 1553 924 1583 ad
943 1553 1017 1582 Div.

132 1596 194 1633 IX,
212 1601 263 1627 21.
279 1608 297 1626 a
312 1597 369 1627 Cn.
384 1597 532 1637 Pompeio
547 1597 677 1638 Lilybaei
688 1597 860 1626 interfectus
876 1602 928 1626 est.
950 1596 1018 1625 Ho-

130 1648 182 1668 mo
205 1640 456 1680 improbissimus.
482 1639 519 1669 In
541 1640 606 1670 edd.
628 1640 710 1680 vulg.
731 1639 804 1669 olim
825 1646 888 1669 erat
910 1639 948 1668 Ρ.
964 1648 1020 1679 pro

132 1683 190 1712 Cn.
217 1693 286 1723 quae
309 1693 355 1712 res
378 1682 428 1712 hic
453 1684 556 1713 turbas
582 1683 729 1723 quasdam
752 1681 856 1717 dedit;
881 1687 916 1711 ut
939 1681 1021 1722 apud

134 1724 258 1755 Manut.
273 1725 312 1754 ad
327 1725 405 1755 hanc
425 1726 511 1766 epist.
527 1737 557 1766 p.
577 1730 628 1756 33.
651 1726 696 1756 ed.
715 1725 815 1755 Graev.
832 1730 862 1754 et
880 1725 1020 1755 Vaillan-

134 1772 212 1805 tum,
229 1768 269 1798 T.
288 1766 333 1806 ΙΙ,
349 1778 379 1809 p.
397 1772 470 1800 205.
486 1769 518 1799 in
535 1769 682 1799 Numinis
698 1767 808 1799 Famil.
825 1768 917 1799 Rom.

746 1819 769 1841 Q.
785 1813 804 1839 8
