1137 1848
332 52 482 84 INDEX
504 51 791 83 HISTORICUS.
943 52 1000 82 165

165 139 201 174 Q.
218 138 359 173 Caecz'lius,
377 138 417 176 Q.
439 138 485 169 fil.
501 138 690 178 Pomponius
705 138 836 168 Atticus.
852 135 920 168 Att.
934 137 1002 175 111,

121 185 173 211 20.
191 187 235 211 est
255 181 295 212 T.
312 181 499 221 Pomponius
515 182 647 218 Atticus,
664 181 717 221 qui
738 182 776 210 ab
797 181 946 210 avunculo
961 181 1004 218 Q.

120 224 241 255 Caec'uio
260 230 437 254 testamento
460 224 620 265 adoptatus
644 231 726 259 erat3
751 224 832 264 quod
857 225 884 253 ei
900 224 1004 254 Cicero

119 267 298 308 gratulatur.

171 310 206 345 Q.
229 311 372 346 Οιεειίὶιιε,
394 309 468 339 Div.
482 309 514 339 in
535 309 635 340 Caecil.
655 313 684 340 2.
701 308 879 349 cognomine
895 309 1004 349 Niger,

120 352 250 389 Siculus,
280 353 382 382 Verris
411 361 552 393 quaestor.
579 353 633 393 qui
661 352 880 383 accusationem
904 352 1007 381 Verris

121 397 252 435 petebat,
268 395 300 424 in
323 405 414 435 quem
431 403 475 425 est
491 395 659 426 Divinatio.
694 395 766 425 vid.
789 397 921 434 Argum.
945 397 1006 424 As-

122 447 209 468 conn.

169 480 200 511 T.
218 481 361 518 Coecz'lzus,
391 481 589 522 Eutychides,
616 481 682 511 Att.
712 481 772 520 1V,
802 482 852 510 15.
880 480 1007 510 libertus

121 521 229 562 Attici,
245 523 298 564 qui
309 534 482 564 praenomen
498 525 588 555 habet
602 525 699 555 Attici
715 533 784 554 ante
799 524 1006 564 adoptionem,

122 573 152 596 et
161 576 271 596 nomen
283 569 347 606 ejus
362 575 429 607 post
445 568 648 608 adoptionem.

166 611 206 638 A.
229 610 357 646 (laecum,
373 610 412 639 ad
427 610 501 640 Div.
514 611 555 647 X,
573 614 624 641 125.
639 611 725 649 cujus
740 615 784 640 est
799 610 924 651 epistola
937 609 1006 639 libr.

122 651 183 690 Vl,
201 654 230 688 7.
242 652 314 682 ibid.
333 653 433 690 XIII,
446 655 495 683 b'b'.
513 654 682 694 negotiatus
697 660 741 683 est
756 653 787 683 in
800 653 884 683 Asia.
900 652 960 688 Vl,
977 654 1007 682 5.

122 696 152 725 8.
163 696 261 732 exsul,
278 695 359 736 quod
374 704 476 726 contra
491 695 641 727 Caesarem
657 697 821 737 scripserat.
832 696 944 726 librum
956 695 1009 725 ei-

122 738 222 768 ceroni
239 738 340 768 mittit.
357 739 388 769 it.
411 749 457 780 ep.
475 743 504 770 9.
520 739 551 768 in
567 739 668 769 sicilia
683 740 778 769 exsul.
812 739 862 769 De
878 739 1009 769 Etrusca

122 781 278 821 disciplina
292 781 406 811 librum
426 782 553 823 scripsit,
571 782 624 822 qui
638 782 779 811 laudatur
794 793 842 822 ap.
863 782 1011 811 Plinium.

123 823 164 853 V.
185 824 336 854 Harduin.
352 824 383 853 in
406 825 474 854 Ind.
498 826 589 855 Auct.
611 825 649 854 ad
669 834 760 865 quem
781 824 890 855 alludit
905 825 1010 854 Cicero

122 866 154 896 in
165 866 290 907 epistola
305 868 351 904 ea,
368 878 461 907 quam
473 868 511 898 ad
527 878 597 898 eum
613 867 740 908 scripsit,
758 867 819 906 Vi,
833 869 862 898 6.
887 867 938 896 De
952 867 1010 898 hoc

124 910 245 940 Caecina
261 920 287 939 v.
310 910 519 948 Demsterum,
544 911 649 941 Etrur.
672 911 779 950 flegal.
796 911 825 948 1,
842 914 872 940 2.
891 911 943 940 59.
957 910 1012 940 ubi

124 958 154 982 et
169 952 242 982 alios
253 952 388 983 Caecinas
397 953 522 993 colligit,
538 953 685 994 docetque
700 963 781 984 nunc
796 963 918 994 quoque
933 953 1012 983 hanc

125 995 274 1025 familiam
297 995 461 1026 Volaterris
479 996 592 1026 florere.
625 997 674 1026 cf.
699 996 750 1025 Fr.
771 997 949 1026 Marianum
976 996 1013 1026 de

124 1037 250 1068 Etruria
262 1039 437 1079 Metropoli,
454 1049 478 1069 c.
493 1040 540 1069 Ιῠ.
561 1040 607 1068 16.
624 1046 653 1068 et
670 1039 811 1077 sterium,
829 1040 923 1069 Inscr.
944 1039 1012 1070 Etr.

124 1080 164 1110 T.
178 1081 243 1118 ΙΙΙ,
260 1092 289 1121 p.
311 1083 376 1112 159.
389 1083 441 1111 ubi
452 1081 539 1112 inser.
554 1082 686 1122 antiquae
700 1081 905 1112 Volaterranae
917 1081 1013 1113 Caeci-

125 1133 233 1153 narum
246 1131 325 1154 sunt.

165 1166 205 1195 A.
224 1167 246 1196 C
252 1179 349 1202 razna,
363 1167 476 1198 Caecin.
492 1171 519 1198 1.
533 1166 698 1206 (Licinius)
710 1167 938 1205 Volaterranus‚
952 1178 1008 1208 pro

122 1219 183 1249 quo
199 1217 242 1239 est
257 1211 360 1240 oratio.
394 1212 488 1241 Hunc
510 1211 653 1241 eumdem
669 1221 738 1240 cum
756 1211 901 1251 superiori
924 1217 1011 1251 putat

122 1251 314 1290 Demsterus‚
331 1254 352 1282 l.
368 1264 392 1284 c.
407 1261 436 1283 et
453 1254 650 1291 Passeratius,
667 1260 728 1284 not.
742 1254 780 1283 ad
796 1255 851 1284 Or.
870 1264 925 1294 pro
941 1255 1010 1284 Cae-

123 1295 182 1325 cin.
199 1305 223 1325 c.
244 1300 267 1326 1.
284 1306 338 1326 nec
352 1297 416 1337 ipse
430 1297 599 1327 abnuerim.

169 1339 294 1377 Caecma,
308 1339 374 1369 Att.
391 1339 484 1377 XVI,
501 1342 530 1369 ὃ.
559 1339 796 1370 volaterranus:
821 1339 955 1370 diversus
970 1340 1009 1370 ab

125 1386 254 1421 utroque
268 1383 423 1422 superiori.

163 1426 290 1462 Gaemw,
310 1426 372 1455 Att.
391 1426 450 1461 ix,
469 1429 516 1455 13.
531 1426 584 1467 qui
595 1425 642 1462 sit,
660 1435 750 1455 nemo
765 1425 898 1455 tradidit.

166 1468 197 1496 C.
215 1470 336 1505 (la-ems,
350 1469 418 1498 Att.
440 1469 503 1505 IX,
522 1472 573 1498 11.
592 1470 630 1498 ab
647 1467 751 1508 Appio
766 1478 837 1498 cum
857 1467 1008 1499 mandatis

128 1509 167 1540 ad
185 1508 361 1541 Ciceronem
377 1512 518 1542 mittitur.

169 1554 216 1582 M.
231 1556 351 1584 L'aelzua.
376 1554 447 1584 V1d.
464 1557 509 1584 M.
531 1556 651 1585 Caelius.

167 1597 214 1625 M.
231 1596 390 1635 Caput-tus,
407 1599 496 1628 Catil.
514 1599 582 1635 In,
600 1599 630 1627 U.
643 1598 739 1628 socius
751 1597 892 1628 Catilinae
906 1607 914 1627 :
933 1596 1015 1637 apud

119 1638 296 1669 Sallustium
315 1640 373 1675 Qu.
390 1641 507 1671 dicitur.
532 1640 622 1672 Catil.
642 1643 692 1670 415.

163 1685 195 1713 (l.
209 1689 239 1712 et.
253 1682 287 1713 L.
298 1684 434 1722 Caessm,
445 1684 559 1715 fratres.
582 1684 673 1714 Brut.
683 1684 734 1714 69.
745 1683 842 1724 ignoti
858 1682 1008 1720 homines,
