1137 1848
406 333 609 375 INDEX

198 460 825 508 GEOGRAPHICUS.

448 587 567 615 -Φ-

490 703 534 735 Α.

116 787 248 827 Abdera,
264 790 335 819 urbs
350 788 501 826 Thraciae,
518 799 614 820 crasso
628 788 712 825 coelo,
726 787 892 817 Democriti
904 799 958 828 pa-

74 831 141 862 tria.
165 832 266 862 Roma
280 833 416 870 Abdera,
438 832 476 862 ad
491 833 559 863 Att.
583 832 644 867 IV,
665 832 712 866 16,
729 830 849 867 dicitur,
866 842 958 871 prop-

74 880 119 903 ter
145 880 297 914 stuporem
321 881 503 905 senatorum.
530 875 570 904 V.
591 874 661 904 lnd.
684 876 740 904 (ir.
767 873 960 913 Αβδηριτικον.

73 916 165 947 Unde
180 918 346 953 Abderites,
362 918 399 948 de
412 918 485 949 Nat.
500 917 593 947 Deor.
612 917 641 954 1,
657 918 708 946 23.

116 959 251 999 Abydus,
276 961 424 1001 oppidum
451 960 592 997 Troadis,
621 959 660 989 ad
681 959 927 998 Hellespontum,
946 970 962 989 e

73 1002 194 1042 regione
210 1003 296 1034 Sesti.

114 1045 296 1083 Acarnania,
319 1056 389 1087 pars
418 1046 544 1077 Graeciae
569 1055 672 1076 versus
687 1044 896 1081 Occidentem,
922 1045 960 1074 ad

72 1097 156 1118 mare
172 1088 308 1127 Ionium,
323 1089 401 1120 inter
412 1088 613 1120 Ambracium
628 1088 731 1118 sinum
745 1093 775 1118 et
789 1087 962 1118 Acheloum

75 1130 213 1161 fluvium.

116 1174 233 1211 Achaei,
249 1179 279 1204 et
297 1175 413 1211 Achiui,
433 1175 539 1216 populi
552 1174 688 1211 Graeciae,
705 1172 824 1214 proprie
846 1172 898 1214 qui
915 1173 963 1203 A„

71 1216 190 1247 cha'iam
205 1217 341 1247 incolunt
356 1218 387 1247 in
403 1218 620 1258 Peloponneso.

114 1261 299 1297 Achaicus,
292 1270 323 1289 1n
336 1261 428 1291 Verr.
445 1261 473 1298 I,
491 1262 520 1291 2.

118 1303 242 1339 4cha‘ia,
250 1303 401 1343 provincia
412 1304 564 1341 Romana,
576 1303 833 1351 Peloponnesum
842 1308 871 1332 et
879 1302 965 1333 Gra?-

75 1345 155 1376 ciam
178 1345 297 1386 proprie
319 1346 361 1376 sic
383 1346 506 1382 dictam,
532 1356 602 1376 cum
625 1345 822 1383 circumjectis
844 1345 963 1383 insulis,

78 1389 242 1419 continens.
266 1388 391 1429 Proprie
405 1399 474 1429 pars
489 1389 702 1429 Peloponnesi,
721 1387 839 1417 Isthmo
851 1389 957 1419 vicina.

125 1432 276 1466 Acherini,
300 1431 387 1462 Orat.
404 1431 478 1462 lV
471 1441 502 1461 111
523 1432 553 1462 V
555 1442 612 1461 err.
631 1432 682 1461 43.
705 1430 814 1461 §iciliae
824 1432 968 1471 populus,

76 1474 195 1514 exiguae
223 1474 361 1511 civitatis,
391 1474 442 1504 sed
471 1474 582 1514 ignotae
608 1474 757 1504 veteribus
782 1474 964 1506 auctoribus.

76 1517 187 1557 ltaque
197 1516 369 1553 Cluverius,
382 1518 442 1547 Sic.
453 1517 527 1547 Ant.
539 1517 569 1546 Il
578 1539 586 1553 ,
598 1518 630 1553 ²2,
644 1526 747 1547 vocem
757 1516 893 1546 vitiatam
910 1529 967 1558 pu-

75 1565 140 1595 tat;
164 1565 204 1595 et,
221 1561 367 1599 probante
383 1560 556 1596 Harduino,
572 1559 736 1599 legendum
745 1560 866 1598 conjicit
878 1563 969 1591 whe-

75 1604 136 1632 ‘ruzi
151 1612 169 1632 a
184 1602 309 1638 δακνά,
326 1604 400 1632 urbe
416 1602 525 1633 Siciliae
540 1602 757 1632 mediterranea
772 1612 875 1632 versus
891 1605 968 1645 Sep-

78 1644 281 1681 temtrionem,
306 1644 384 1675 inter
405 1645 482 1686 Hyp
484 1655 546 1675 sam
571 1651 600 1675 et
622 1645 803 1675 Crimissum
826 1645 966 1677 fluvium.

77 1687 141 1728 Ap.
170 1687 292 1724 Silium,
309 1688 410 1723 VIII,
431 1690 507 1723 26¹),
528 1694 714 1718 memoratur
731 1689 818 1725 pubes
837 1690 972 1727 &quentis

81 1731 197 1768 Acketi,
214 1740 269 1771 pro
289 1740 350 1771 quo
371 1731 454 1761 Dan.
474 1730 622 1761 Heinsius
640 1730 799 1768 scribebat,
815 1732 907 1772 pubes
928 1735 974 1762 in-
