1137 1848
336 69 484 101 INDEX
509 69 792 102 HISTORICUS.
943 69 1005 100 335

121 156 237 187 Bibuli.
253 157 326 188 ibid.
343 157 370 195 Ι,
385 159 434 187 16.
447 157 562 198 aplebe
578 158 600 175 ‘⁴
614 156 726 188 Cnaeus
738 156 866 188 Cicero”
881 156 1003 195 dicitur,

119 200 202 240 quod
221 199 396 231 Ciceronem
419 200 510 230 nimis
531 200 676 240 diligeret.
700 200 771 230 ibid.
791 201 839 230 14.
864 200 1007 230 laudibus

119 242 271 273 Ciceronis
286 244 409 274 invidet.
428 242 474 280 ΙΙ,
497 247 527 274 3.
551 243 709 283 Epicrates
735 243 854 273 dicitur.
881 242 926 279 ΙΙ,
954 245 1004 274 17.

118 285 302 317 Alabarches
318 293 448 317 vocatur.
467 286 513 323 ΙΙ,
527 289 557 317 9.
580 286 866 326 Hierosolymarius.
890 285 937 323 II,
959 289 1007 316 1‘2.

117 328 358 366 Quindecimvir.
376 331 455 360 Har.
477 330 571 371 Resp.
587 331 639 359 23.
655 340 673 359 a
689 329 796 359 Clodio
817 329 1005 369 vituperatur

116 371 154 401 ad.
170 373 330 413 populum.
354 374 435 404 Toto
450 383 535 414 paene
551 373 707 403 tribunatu
728 373 804 411 ejus,
822 372 943 412 publico
959 379 1024 402 ca-·

116 415 186 445 ruit.
212 417 301 455 Quir.
323 428 354 458 p.
379 416 457 447 Red.
475 417 540 454 ejus
560 415 592 445 in
609 415 753 445 Cicerone
772 415 939 445 revocando
959 415 1006 445 in-

115 458 208 499 signis
223 470 323 501 opera.
339 461 377 490 ad
394 460 467 489 Div.
485 458 512 495 Ι,
534 463 559 488 1.
580 459 712 489 creditur
732 459 935 488 Ptolemaeum
958 469 1005 489 re-

114 501 222 533 ducere
246 503 332 534 velle.
352 503 424 533 ibid.
452 504 481 532 8.
507 503 657 533 Milonem
679 502 843 532 defendens
869 501 1003 532 convicio

115 546 221 586 populi
234 547 373 585 jactatur.
397 546 486 577 Offic.
500 545 546 580 ΙΙ,
564 546 609 575 16.
624 544 924 585 magnificentissima
934 555 1004 574 mu-

115 598 188 618 nera
203 590 267 628 ejus
282 589 312 618 in
329 589 460 620 secundo
473 589 640 619 consulatu.
657 588 695 618 ad
708 588 781 618 Div.
796 587 876 624 VII,
892 589 920 616 l.
938 589 1004 626 ejus

115 631 180 661 ludi
204 632 368 672 magnifici‚
394 632 456 662 dati
480 632 512 662 in
538 631 724 662 dedicatione
751 631 871 666 theatri,
897 630 1006 660 descri-

115 675 242 711 buntur,
262 680 291 705 et
307 681 551 706 contemnuntur.
571 674 634 705 Off.
658 673 704 710 ΙΙ,
726 675 773 709 17.
795 675 859 713 ejus
879 673 1005 711 theatra,

115 718 259 758 porticus,
276 719 400 757 templa,
418 717 678 758 reprehenduntur
700 717 854 748 modeste:
880 719 921 748 (v.
942 716 1007 746 Ta-

114 760 163 790 cit.
178 762 291 791 Annal.
306 761 400 799 XIV,
413 764 464 791 20.
480 768 509 792 et
524 761 567 791 ibi
583 761 684 801 Lips.)
701 760 739 790 ad
752 760 823 790 Div.
841 759 940 797 VIII,
956 762 1005 790 11.

114 803 179 842 ejus
199 804 348 834 secundus
373 805 546 835 consulatus
570 803 741 843 exagitatur
767 813 785 833 a
804 804 842 833 C.
856 802 1002 839 Curione,

115 846 184 877 trib.
200 848 243 887 pl.
259 849 327 878 Att.
345 847 408 884 VI,
429 850 454 876 1.
477 847 570 877 Dorn.
595 848 624 882 7.
642 847 668 876 ei
687 846 840 876 Ciceronis
857 845 1005 876 sententia

112 899 159 918 res
183 890 381 920 frumentaria
406 890 606 920 committitur
631 899 700 920 cum
721 889 857 929 imperio.
875 888 914 918 ad
929 889 1002 919 Div.

115 931 213 968 VIII,
240 934 269 962 8.
297 933 333 963 de
356 933 518 974 provinciis
543 932 672 963 Caesaris
693 938 823 962 statuere
846 941 907 961 non
930 932 1006 961 vult.

115 975 181 1006 Att.
193 976 236 1012 X,
249 979 279 1007 8.
288 976 512 1007 Themistocleo
522 976 645 1007 consilio
655 975 761 1005 utitur.
771 975 808 1005 ad
819 975 891 1004 Div.
902 974 1005 1011 VHI,

115 1021 166 1049 13.
183 1019 336 1049 stomacho
351 1019 393 1049 ita
408 1019 561 1050 fastidioso
577 1025 605 1049 et
620 1019 784 1058 languente
795 1024 850 1054 est,
867 1022 912 1053 ut.
924 1017 1007 1058 quod

114 1061 171 1092 sibi
186 1062 313 1102 placeat,
326 1062 454 1103 reperire
466 1072 527 1092 non
545 1062 647 1103 possit.
673 1061 768 1091 Attic
787 1061 817 1091 V
822 1061 869 1097 ΙΙ,
897 1063 945 1090 ll.
962 1070 1009 1091 re-

113 1105 321 1145 prehenditur
339 1105 433 1146 quod,
460 1104 578 1136 Caesare
594 1104 783 1141 adveniente,
802 1103 921 1134 Urbem
937 1103 1008 1133 reli-

114 1148 223 1188 querit.
239 1148 278 1177 ad
294 1147 367 1178 Div.
385 1147 444 1186 IV,
458 1149 488 1182 7.
502 1148 595 1188 copiae
611 1148 687 1186 ejus
701 1152 730 1177 et
741 1156 837 1187 genus
847 1145 1006 1184 exercitus,

113 1200 175 1220 non
191 1192 358 1239 probantur
376 1191 423 1220 M.
441 1190 591 1221 Marcello
607 1196 635 1220 et
654 1188 802 1220 Ciceroni.
822 1189 891 1219 Att.
908 1187 1005 1227 VIII,

115 1234 145 1263 2.
161 1233 247 1263 initio
262 1234 335 1264 belli
350 1234 445 1264 ciuilis
461 1234 504 1263 nil
520 1234 583 1274 agit
595 1233 744 1273 sapienter
758 1238 787 1262 et
799 1232 925 1269 fortiter,
942 1242 1008 1262 om-

114 1276 166 1306 nia
177 1282 280 1307 contra
290 1276 442 1307 Ciceronis
456 1277 626 1307 consilium.
645 1275 797 1307 Caesarem
807 1275 895 1311 aluit,
909 1275 1006 1313 auxit,

116 1324 146 1349 et
161 1319 299 1349 armavit.
322 1320 392 1349 Att.
406 1318 468 1354 IX,
484 1323 532 1350 13.
545 1320 582 1350 de
597 1329 671 1360 pace
686 1319 781 1348 mittit
796 1318 834 1348 ad
845 1318 1007 1349 Caesarem.

116 1361 210 1393 Tusc.
228 1360 295 1399 ΙΙΙ,
311 1362 362 1392 26.
383 1362 457 1402 fuga
478 1370 546 1403 post
567 1372 703 1403 pugnam
728 1361 943 1391 Pharsalicam.
968 1360 1008 1391 ad

115 1403 188 1435 Div.
205 1404 288 1441 XII,
310 1408 356 1435 14.
372 1405 405 1435 in
420 1405 495 1446 fugit
511 1416 572 1436 non
588 1405 731 1446 recipitur
746 1415 764 1434 a
777 1404 915 1434 Rhodiis.
931 1403 1005 1434 Div.

116 1446 162 1485 ΙΙ,
180 1449 211 1479 9.
229 1447 261 1477 in
276 1448 438 1478 solitudine
460 1448 681 1489 AEgyptiorum
697 1447 876 1484 trucidatur,
893 1452 922 1476 et
937 1446 1006 1487 qui-

114 1490 185 1520 dem
209 1490 248 1521 ad
277 1496 413 1521 montem
442 1490 581 1528 Casium,
605 1491 659 1521 ubi
685 1491 749 1529 ejus
775 1490 913 1520 tumulus
936 1489 1005 1519 fuit.

117 1533 214 1574 (Plin.
234 1534 278 1563 H.
296 1534 338 1564 N.
350 1534 392 1571 V,
412 1536 461 1564 12.
482 1535 536 1565 ubi
557 1534 616 1564 vid.
632 1531 801 1572 Harduin.)
819 1532 892 1563 Div.
910 1531 938 1569 Ι,
956 1535 1004 1562 14.

117 1577 217 1606 multa
231 1587 302 1607 eum
322 1577 505 1608 fefellerunt.
529 1577 613 1608 Phil.
633 1576 679 1613 ΙΙ,
697 1578 747 1606 42.
765 1577 831 1616 ejus
851 1575 961 1605 domus
976 1580 1006 1605 et

116 1618 196 1649 horti
218 1619 257 1650 ad
278 1619 451 1650 Antonium
467 1621 584 1651 venere.
611 1620 701 1650 Brut.
725 1621 776 1650 68.
796 1620 945 1658 majorem
961 1618 1009 1648 di-

116 1662 203 1692 cendi
225 1662 354 1703 gloriam
378 1670 554 1694 consecutus
575 1668 660 1701 esset,
685 1663 744 1693 nisi
766 1662 869 1703 gloriae
895 1661 1007 1702 cupido

116 1714 187 1735 eum
203 1705 241 1736 ad
256 1716 302 1736 res
317 1706 438 1736 bellicas
453 1707 654 1737 abstraxisset.
669 1705 758 1737 offic.
780 1705 808 1744 Ι,
825 1706 876 1736 22.
893 1704 1004 1734 frustra

117 1757 148 1778 se
170 1748 257 1780 tertio
277 1748 537 1791 triumphaturum
559 1749 643 1789 dicit,
664 1749 723 1781 nisi
743 1747 896 1781 Ciceronis
913 1748 1005 1780 bene-
