1137 1848
324 20 472 54 INDEX
495 21 782 55 HISTORICUS.
939 22 998 53 321

116 106 268 139 Ciceronis
283 110 479 149 temporibus.
504 108 568 140 Off.
588 109 616 148 Ι,
639 111 689 141 40.
714 110 860 149 collegam
884 107 1001 149 Sopho-

116 149 194 180 clem
218 150 250 180 in
274 152 406 192 praetura
425 151 625 192 reprehendit.
657 153 744 183 Orat.
766 154 796 182 4.
813 163 866 182 cur
889 152 1002 181 caeteris

113 194 281 223 oratoribus
304 194 482 234 praestiterit.
507 194 570 225 Off.
592 195 640 230 ΙΙ,
665 196 712 231 17.
734 194 963 236 reprehenditur
983 204 1002 224 a

115 235 272 266 Demetrio
298 237 455 274 Phalereo,
472 237 554 278 quod
571 243 685 268 tantam
703 238 862 278 pecuniam
877 237 908 266 in
924 247 1002 277 prae-

115 277 196 308 clara
210 278 263 308 ina
285 280 439 320 propylaea
453 280 619 319 conjecerit.
643 280 706 311 Off.
726 281 753 318 Ι,
771 281 821 310 30.
839 279 1002 310 auctorita-

115 325 176 350 tem
193 332 345 352 summam
362 329 537 353 consecutus
553 328 596 352 est
611 323 673 353 sine
690 324 753 353 ulla
769 323 927 352 hilaritate.

160 365 305 403 Pericles,
322 365 409 396 Verr.
427 366 475 405 II,
491 366 543 395 33.
561 365 712 407 Ephesius
727 366 848 402 nobilis,
866 366 1000 395 Romam

115 413 264 437 evocatur.

160 451 371 490 Peripatetici,
394 451 487 482 Tusc.
505 450 565 488 IV,
584 452 633 487 17.
649 457 678 481 et
696 453 744 482 19.
769 452 824 481 διο.
843 461 946 481 eorum
962 451 1001 481 de

113 492 270 526 affectibus
296 494 442 525 sententia
465 494 619 525 refellitur.
647 495 711 525 Off.
738 494 766 531 Ι,
792 496 843 523 25.
873 494 1001 523 laudant

115 535 315 574 iracundiam,
332 537 475 568 Cicerone
490 537 688 577 improbante.
713 537 745 567 N
748 559 755 570 .
772 537 812 566 D.
832 536 859 573 I,
876 538 906 572 7.
928 537 999 566 Fin.

115 577 181 614 ΙΙΙ,
201 581 231 608 2.
246 582 293 610 12.
311 587 340 610 et
357 583 407 611 13.
425 591 466 616 re,
483 589 521 610 an
538 581 646 617 verbis,
663 591 680 610 a
695 580 801 611 Stoicis
813 579 990 620 discrepent.

158 623 267 661 Persa,
284 623 355 653 Div.
374 623 421 660 ΙΙ,
438 624 489 658 57.
506 622 546 651 V.
566 624 682 653 Perses.

160 665 270 703 Persa,
291 665 328 696 de
351 665 423 696 Div.
451 665 478 702 Ι,
501 666 552 695 46.
568 667 693 696 catellus
710 666 748 696 L.
767 665 868 703 Pauli,
885 675 923 696 ex
938 675 1001 706 quo

113 717 203 737 omen
219 708 325 748 accipit
341 709 378 739 L.
396 708 520 738 Paulus.

157 752 312 789 Pemaeus,
330 752 371 781 N.
390 751 432 781 D.
451 752 478 789 I,
499 754 545 781 15.
563 751 693 782 Zenonis
708 751 836 782 auditor.

160 795 293 831 Perseis,
319 795 357 825 de
383 795 425 824 N.
451 795 492 824 D.
518 793 583 832 ΙΙΙ,
615 799 662 826 18.
688 795 749 825 filia
767 794 880 832 Persei,
905 799 1001 824 mater

119 836 293 878 Pasiphaes.

163 880 277 918 Perses,
302 881 389 911 Verr.
400 880 449 918 ΙΙ,
460 881 511 911 21.
530 892 582 911 rex
599 880 798 917 Macedoniae,
816 880 953 920 Philippi
969 878 1005 909 ΙΙ

119 922 161 954 fil.
178 933 196 952 a
211 934 272 964 quo
289 924 443 954 Persicum
466 925 581 954 bellum
599 923 719 960 dicitur,
736 924 817 964 quod
833 929 876 953 est
900 924 1006 953 Mace-

115 965 258 996 donicum
274 967 451 996 secundum.
469 966 562 997 Tusc.
576 966 618 1002 V,
635 970 686 995 40.
702 966 836 996 Paulum
850 972 1000 1006 precatur,

116 1017 154 1038 ne
177 1009 208 1038 in
232 1009 387 1050 triumpho
412 1009 511 1040 ducat.
538 1010 582 1040 N.
607 1009 647 1040 D.
678 1008 724 1047 II,
744 1013 773 1039 2.
799 1010 863 1049 ejus
879 1009 1002 1039 victoria

117 1051 274 1081 nuntiatur
288 1063 306 1081 a
323 1052 516 1092 Tyndaridis.

161 1096 303 1129 ‚Per-scus,
322 1095 365 1124 N.
382 1094 424 1124 D.
443 1095 490 1133 II,
507 1096 558 1125 43.
574 1095 665 1125 sidus.
684 1094 749 1132 ΙΙΙ,
765 1096 811 1126 18.
829 1095 893 1134 ejus
910 1094 981 1124 filia.

165 1139 200 1168 C.
220 1139 358 1174 Persius,
381 1137 467 1167 Orat.
487 1138 533 1175 II,
557 1139 586 1168 6.
610 1145 709 1168 orator
727 1138 927 1174 doctissimus,
952 1137 1006 1177 qui

118 1181 307 1220 temporibus
323 1180 507 1210 Gracchanis
527 1181 636 1211 floruit.
662 1181 749 1221 (Vid.
766 1181 856 1211 Brut.
874 1182 941 1217 26.)
966 1180 1007 1209 Ei

119 1223 234 1253 tributa
259 1230 303 1253 est
317 1223 422 1261 oratio,
444 1234 514 1264 quae
528 1225 585 1254 sub
609 1224 644 1254 C.
662 1223 772 1254 Fannii
794 1223 917 1253 nomine
932 1229 1004 1252 erat.

122 1266 192 1296 Fin.
211 1265 237 1304 Ι,
254 1267 284 1295 3.

162 1309 208 1338 M.
239 1310 414 1347 Perpenna,
438 1309 499 1340 sive
517 1309 617 1350 potius
640 1312 811 1349 Perperna,
832 1314 868 1338 ut
893 1308 1007 1338 habent

122 1351 295 1388 Manutius,
318 1352 478 1382 Graevius:
504 1362 575 1382 nam
594 1352 634 1382 sic
654 1353 685 1382 in
707 1351 854 1388 nummis,
874 1357 903 1381 et
922 1351 1006 1381 fastis

118 1394 248 1437 Capitol.
266 1393 341 1434 (vid.
367 1394 467 1424 Graev.
483 1395 521 1424 ad
538 1396 626 1424 Rosc.
642 1396 730 1425 Com.
757 1399 781 1425 l.
803 1400 832 1424 et
847 1394 1005 1424 Drakenb.

119 1436 158 1467 ad
183 1437 251 1470 Liv.
273 1436 400 1473 XLIV,
417 1438 456 1472 27
472 1444 482 1473 )
501 1438 557 1467 Or.
579 1437 624 1474 ΙΙ,
649 1439 699 1467 65.
723 1438 818 1479 judex
839 1436 870 1466 in
888 1437 1003 1475 judicio

119 1479 286 1509 Aculeonis
313 1490 331 1509 a
358 1479 535 1509 Gratidiano
558 1481 697 1510 accusati.
723 1480 839 1511 Consul
864 1478 905 1509 A.
931 1481 1004 1510 661.

122 1522 211 1552 Verr.
238 1522 284 1560 II,
310 1524 359 1551 55.
384 1532 495 1552 censor.
516 1523 605 1553 Rosc.
628 1522 715 1553 Com.
748 1527 772 1554 l.
796 1523 873 1553 inter
890 1522 1006 1562 judices

121 1564 204 1594 sedet
219 1564 249 1594 in
265 1565 356 1595 causa
370 1565 411 1603 Q.
429 1566 530 1596 Roscii
546 1566 681 1596 comoedi.

164 1609 366 1648 Pescennius,
390 1607 428 1638 ad
445 1608 518 1639 Div.
537 1608 633 1648 XlV,
650 1612 679 1639 4.
702 1609 839 1640 Ciceroni
854 1609 885 1639 in
901 1608 1005 1639 exsilio

119 1651 195 1681 bene
210 1650 291 1682 facit.
