1122 1868
121 79 185 110 318
337 79 486 112 INDEX
509 79 796 115 HISTORICUS.

166 166 203 200 Q.
221 165 374 204 Papirius,
394 166 490 197 Dom.
512 167 566 199 45).
586 167 726 199 tribunus
748 169 828 209 pleb.
844 174 947 200 auctor
962 170 1007 201 le-

121 207 170 248 gis
186 209 325 248 Papiriae.

163 252 195 281 C.
214 252 336 291 Pupius,
360 252 422 283 Off.
441 251 504 288 ΙΙΙ,
534 254 580 282 11.
605 254 685 283 male
707 254 788 291 fecit,
805 254 859 295 qui
873 256 1006 297 peregri-

118 302 172 323 nos
188 294 272 325 Urbe
287 295 331 325 uti
346 295 541 336 prohibuerit.
567 296 606 325 V.
624 298 695 326 Ind.
713 298 838 332 Legum.

162 337 302 375 Pur-alus,
324 338 409 368 Verr.
427 339 470 377 V,
491 340 540 368 60.
565 338 662 375 heros,
685 340 738 379 qui
764 340 917 370 triremem
941 341 1005 381 pri-

117 388 186 409 mus
222 380 340 410 struxit.
372 381 450 420 Ejus
476 381 640 420 imaginem
666 381 866 413 Athenienses
898 384 1003 424 magni

116 421 240 452 faciunt.
264 422 314 453 De
329 433 363 453 eo
378 434 406 452 v.
425 424 503 453 Plin.
524 424 566 452 H.
585 424 626 453 N.
646 423 728 460 VII,
747 426 797 455 56.

161 466 344 503 Parhedrns,
355 466 392 495 ad
407 466 479 496 Div.
492 465 588 502 XVI,
608 467 653 496 18.
674 467 820 497 Parhedri
835 477 946 499 nomen
958 475 1003 500 est

117 506 207 537 etiam
220 508 251 538 in
267 509 458 549 inscriptione
472 520 520 549 ap.
538 509 660 538 Gruter.
676 520 707 549 p.
724 511 798 548 969,
815 511 844 546 7.

161 551 288 588 Parilia,
313 553 382 582 Att.
405 551 465 588 IV,
493 553 540 581 10.
563 551 636 580 Div.
662 550 708 587 11.
725 554 775 587 47.
803 553 949 584 sollennia
969 554 1001 584 in

114 592 259 623 honorem
286 594 389 629 Palis;
426 594 506 624 unde
535 600 563 624 et
596 595 713 624 Palilia
742 595 893 627 dicuntur.
927 596 1002 626 Vid.

114 634 207 666 Ovid.
225 637 306 666 Fast.
325 636 383 674 IV,
396 638 469 674 721,
481 648 545 677 sqq.
558 636 715 667 Drakenb.
729 637 767 667 ad
780 638 849 668 Liv.
861 638 935 676 XL,
952 640 978 668 l.

156 680 263 715 Paris,
287 679 373 709 Orat.
399 682 449 710 49.
475 680 548 709 Nat.
574 679 617 709 D.
649 679 714 717 III,
735 681 787 710 38.
806 684 874 711 Att.
901 680 928 717 Ι,
951 682 1000 712 18.

114 720 200 751 Paris
224 728 345 751 vocatur
366 722 547 761 Memmius,
566 722 639 763 quia
661 723 785 753 Luculli
809 730 839 753 et
860 724 1001 765 Pompeii

114 773 223 793 uxores
238 771 434 805 stupraverat.

157 808 373 846 Parmenides,
391 808 485 838 Acad.
503 807 563 844 IV,
585 811 636 838 23.
655 815 746 849 negat
763 809 830 839 sciri
845 819 930 849 posse
944 810 1001 840 ali-

113 849 197 889 quid.
222 850 336 880 Versus
361 852 425 890 ejus
451 861 511 880 non
534 852 605 881 boni
629 858 710 881 sunt.
733 851 806 882 ibid.
827 851 888 889 IV,
912 853 942 882 3.
959 863 997 883 ex

111 891 176 931 igni
200 893 303 923 onmia
322 893 417 934 gigni.
441 894 483 924 N.
506 893 547 923 D.
576 893 603 931 I,
628 897 674 925 11.
698 894 804 925 Deum
828 905 890 925 esse
905 896 999 925 conti-

110 934 257 965 tinentem
285 936 390 967 ardore
418 937 495 967 lucis
521 938 638 976 orbem,
669 938 723 978 qui
753 938 862 968 coelum
888 937 1000 978 cingat.

109 977 206 1008 Acad.
224 979 285 1015 IV,
299 982 331 1008 5.

156 1020 356 1060 Parrhasius,
372 1022 473 1053 Flacc.
489 1023 542 1052 92.
557 1022 743 1053 Trallianus.

153 1063 353 1101 Parrhasius.
371 1065 498 1095 Tuscul.
520 1065 547 1102 Ι,
561 1068 590 1095 2.
607 1066 703 1106 pictor
717 1065 933 1096 nobilissimus.
952 1066 994 1096 V.

109 1106 133 1135 J
136 1107 256 1143 unium,
273 1108 304 1137 in
322 1108 420 1138 Catal.
439 1108 595 1138 Pictorum
611 1115 639 1138 et
655 1114 719 1138 caet.
737 1108 832 1138 Artis.

153 1151 318 1189 Pasz'fflm'e',
338 1151 379 1181 N.
392 1150 434 1181 D.
451 1150 517 1188 ΙΙΙ,
539 1152 584 1180 18.
603 1151 752 1181 Perseidis
768 1151 839 1181 filia.
857 1150 906 1181 De
922 1150 996 1181 Div-

109 1191 138 1228 I,
155 1195 207 1222 43.
224 1194 288 1231 ejus
303 1193 410 1223 fanum
422 1194 453 1223 in
469 1204 540 1234 agro
552 1193 700 1224 Laconico
716 1200 837 1234 propter
852 1195 970 1224 urbem.

150 1236 191 1266 L.
215 1237 334 1267 Jum'us
360 1236 511 1276 Patietus,
539 1236 578 1266 ad
601 1237 671 1266 Att.
693 1235 776 1274 XII,
803 1239 833 1266 2.
858 1236 900 1267 V.
927 1238 993 1267 Pa-

108 1287 232 1309 czaecus.

155 1323 191 1352 T.
210 1323 344 1361 Patina,
360 1321 472 1352 Milon.
492 1322 540 1357 17.
563 1321 755 1360 Lanuvinus,
778 1322 815 1353 P.
832 1321 934 1353 Clodii
948 1322 995 1353 fa-

107 1363 244 1394 miliaris.

149 1408 305 1445 Patiscus,
331 1405 426 1445 Cilix,
447 1407 485 1437 ad
506 1407 578 1438 Div.
596 1406 642 1445 II,
668 1410 716 1437 ll.
733 1407 798 1446 ejus
822 1408 914 1448 opera
930 1408 992 1439 uti-

104 1454 155 1478 tur
172 1449 276 1480 Cicero
292 1451 461 1490 proconsul.
486 1450 584 1487 VIII,
610 1453 639 1481 9.
666 1450 749 1487 XII,
779 1453 825 1481 15.
850 1451 937 1481 classi
960 1452 992 1481 in

105 1492 182 1522 Asia
204 1499 323 1532 praeest,
348 1500 534 1534 proquaestor
559 1504 629 1524 cum
656 1493 800 1529 LentuIO,
822 1493 992 1533 Spintheris

104 1534 179 1572 filio,
206 1541 235 1565 et
254 1535 396 1572 TuruliO,
417 1537 527 1566 missus
547 1548 565 1567 a
588 1542 706 1572 senatu,
726 1536 819 1576 quod,
836 1536 992 1567 interfecto

106 1576 236 1613 Caesare,
261 1579 430 1616 conjuratos
456 1579 488 1608 in
512 1579 698 1620 Capitolium
721 1585 895 1619 prosecutus
919 1585 994 1609 erat.

105 1629 134 1650 v.
152 1619 298 1660 Pighium
314 1620 352 1650 ad
368 1622 407 1650 A.
425 1623 496 1656 709.

148 1663 258 1699 Patro,
290 1662 470 1702 Epicureus,
496 1665 534 1695 ad
561 1665 633 1695 Div.
665 1663 764 1701 XIII,
799 1667 825 1694 l.
849 1664 988 1695 Ciceroni

98 1704 367 1744 familiarissimus,
393 1706 522 1738 Phaedro
537 1707 675 1739 succedit.
696 1708 764 1738 Att.
781 1706 823 1746 V,
846 1710 892 1738 11.
909 1708 966 1738 διο.
