1137 1848
317 62 465 95 INDEX
488 62 774 96 HISTORICUS.
929 65 990 95 319

146 150 320 189 Patroclus,
343 150 435 182 Tusc.
462 149 508 188 ΙΙ,
534 150 581 180 15.
607 150 654 180 16.
670 149 813 181 Davisius
836 150 902 180 vult
916 150 987 190 legi,

104 193 267 231 Patrocles,
284 205 300 224 e
315 193 401 224 codd.
418 193 512 224 MSS.

144 237 180 272 Q.
202 238 377 273 Patulcius,
402 237 471 266 Att.
499 235 594 273 XIV,
623 236 670 266 18.
695 236 768 266 Fuit
790 241 921 276 quaestor
941 238 984 265 A.

98 280 170 315 704.
196 280 291 311 Hunc
306 290 344 310 sc.
361 279 489 319 intelligi
504 289 588 319 posse
602 285 718 319 putem.

146 324 182 352 L.
201 323 330 359 Paulus,
355 322 545 352 Macedonici
570 330 663 362 pater.
684 322 770 352 Orat.
794 321 840 356 ΙΙ,
864 322 913 359 87.
931 321 984 362 qui

97 365 136 395 ad
152 366 273 396 Cannas
288 365 368 395 male
383 375 446 395 rem
463 365 563 405 gessit.
578 364 682 394 Divin.
702 363 747 399 11.
764 366 816 393 253.
833 364 936 394 cecidit
951 365 983 395 in

98 409 204 448 pugn&
231 408 383 438 Cannensi
398 418 467 438 cum
484 407 626 439 exercitu.
648 407 738 438 Offic.
758 406 822 443 ΙΙΙ,
839 408 890 436 32.
913 417 984 437 con-

95 451 143 481 sul
158 461 228 483 cum
245 451 382 481 Varrone
396 451 434 480 A.
451 451 525 487 537,
537 450 703 480 secundum
717 461 725 485 ;
750 450 885 490 primum
901 450 983 480 enim

96 493 194 524 fuerat
218 495 261 524 A.
283 494 357 530 534,
379 504 449 524 cum
473 493 522 524 M.
547 493 646 523 Livio.
671 493 790 523 Habuit
813 499 872 522 tres
894 493 982 530 filios,

97 536 136 566 L.
153 536 200 567 M.
218 537 259 574 Q.
285 536 325 566 V.
344 537 411 566 Liv.
434 536 570 574 XXIII,
595 537 646 566 150.
672 536 721 566 De
742 536 807 575 ejus
830 542 926 566 morte
952 547 978 566 v.

98 579 253 617 eumdem,
270 578 387 617 XXII,
404 580 454 609 49.

136 622 179 652 L.
197 623 347 652 AEmilius
373 622 504 657 Paulus,
523 622 748 658 Macedonicus,
765 621 905 652 Africani
920 622 979 651 mi-

95 665 176 695 noris
199 671 284 705 pater
307 665 463 695 naturalis.
488 665 577 694 Brut.
607 667 658 694 20.
681 664 817 696 disertus.
842 665 881 694 ad
905 664 978 695 Div.

95 706 158 745 IV,
186 708 216 737 6.
239 708 332 738 Tusc.
361 708 428 744 ΙΙΙ,
457 708 507 737 28.
532 707 608 737 duos
631 713 746 747 septem
772 707 878 737 diebus
902 708 979 738 filios

95 750 216 780 amittit.
241 751 331 781 Brut.
359 751 406 781 19.
423 751 487 789 ejus
504 750 601 779 filium
617 750 740 790 adoptat
759 750 899 780 Africani
914 761 980 781 ma-

91 793 167 832 joris
184 793 221 823 F.
245 794 318 825 Div.
338 792 365 829 Ι,
383 794 434 822 46.
461 792 507 829 11,
521 794 571 823 39.
596 793 701 823 consul
717 792 827 822 iterum
842 805 848 822 z
875 803 976 831 omen,

93 835 176 876 quod
191 836 218 866 ei
233 847 251 866 a
266 836 330 866 filia
348 836 478 866 sEmih'iz
493 836 627 871 offertur,
644 845 714 865 cum
731 835 757 865 ei
772 835 889 865 bellum
906 835 979 866 Per-

94 879 191 908 sicum
206 879 385 909 mandatum
402 885 486 908 esset.
510 878 572 909 Off.
591 877 637 913 ΙΙ,
661 881 715 908 22.
730 878 814 907 omni
830 878 979 909 Macedo-

91 930 165 951 num
182 922 258 961 gaz&
269 922 383 962 potitus
396 928 447 951 est.
465 922 553 952 Verr.
568 920 613 958 ΙΙ,
631 924 681 950 21.
697 921 808 950 Persen
824 921 853 950 vi
869 932 902 951 ac
918 923 978 951 vir-

94 969 159 994 tute
173 965 334 1005 superavit.
359 965 445 994 Mur.
463 967 511 993 14.
526 964 562 994 de
579 964 672 994 Perse
688 963 870 1004 triumphus.
885 964 979 996 Tusc.

93 1006 136 1043 V,
160 1010 205 1037 14.
227 1007 303 1047 quid
325 1008 426 1038 Persae
449 1007 646 1048 responderit,
671 1017 741 1037 cum
766 1007 797 1036 in
822 1006 979 1048 triumpho

90 1049 161 1080 duci
176 1050 279 1080 nollet.

136 1092 172 1122 L.
190 1094 324 1131 Paulus,
348 1092 397 1123 M.
420 1093 456 1124 F.
475 1093 507 1122 V
508 1093 580 1123 atin.
606 1093 654 1123 10.
677 1099 807 1134 quaestor
832 1092 978 1125 Macedo-

91 1135 162 1173 niae,
178 1136 329 1166 laudatur.
346 1136 418 1165 Mil.
432 1138 460 1166 9.
485 1136 612 1166 Calvino
624 1142 652 1165 et
663 1136 798 1169 Messala}
813 1146 883 1166 coss.
900 1148 978 1176 prae-

92 1184 149 1213 tor,
166 1178 393 1219 competitorem
414 1179 451 1208 P.
467 1178 610 1208 Clodium
633 1178 750 1208 habuit.
767 1180 823 1208 διε.
848 1179 886 1208 ad
902 1179 978 1211 Div.

92 1220 192 1258 VIII,
218 1222 246 1251 4.
274 1222 380 1252 consul
404 1231 473 1251 cum
497 1221 534 1251 C.
557 1221 714 1251 Marcello.
738 1221 810 1252 ibid.
835 1222 882 1251 10.
906 1233 977 1263 pro-

92 1264 199 1294 vinciae
213 1264 304 1294 nimis
319 1264 457 1304 cupidus.
477 1263 550 1294 ibid.
578 1264 626 1293 11.
651 1263 687 1293 C.
702 1264 866 1294 Curionem
890 1265 976 1296 habi-

92 1312 198 1338 turum
223 1307 345 1341 comitia
372 1306 512 1350 impedit,
543 1306 687 1337 servando
717 1306 754 1337 de
783 1307 865 1337 coelo.
895 1309 976 1339 Phil.

90 1349 193 1387 XIII,
211 1350 240 1379 6.
264 1349 459 1390 Pompeium,
486 1348 544 1380 Cn.
561 1349 671 1386 filium,
687 1350 834 1385 hortatur,
856 1356 891 1380 ut
905 1362 976 1382 cum

90 1392 153 1422 suis
168 1392 260 1433 copiis
278 1392 316 1422 ad
335 1392 489 1421 Mutinam
511 1398 567 1421 eat.
591 1391 670 1430 Ejus
685 1392 798 1422 mentio
810 1392 844 1422 fit
855 1403 977 1434 quoque

90 1434 130 1465 ad
146 1435 217 1465 Div.
235 1434 334 1471 VIII,
352 1436 381 1465 8.
397 1434 461 1472 XI,
481 1435 528 1465 19.
540 1434 579 1464 ad
594 1435 660 1464 Att.
679 1434 738 1472 IV,
759 1435 806 1464 13.
829 1435 908 1466 Ibid.
926 1438 974 1472 17.

91 1478 257 1508 Basilicam
283 1477 444 1508 AEmih'am
465 1484 595 1508 veterem
626 1478 732 1515 reficit,
753 1487 863 1508 novam
887 1480 975 1510 locat.

92 1519 142 1551 De
157 1531 218 1562 quo
238 1520 306 1550 add.
333 1520 417 1561 Lips.
439 1520 477 1550 ad
501 1520 600 1550 Tacit.
623 1520 663 1550 A.
681 1520 747 1558 ΙΙΙ,
769 1522 820 1556 72.
848 1528 877 1553 et
893 1523 974 1554 Plin.

88 1563 133 1593 Η.
147 1564 190 1593 Ν.
207 1562 373 1596 XXXVI.
395 1564 440 1593 15.
454 1563 507 1593 ubi
523 1574 550 1593 v.
568 1563 720 1594 Harduin.

132 1608 269 1643 Paulus,
285 1606 323 1636 ad
338 1607 406 1636 Att.
424 1605 518 1643 XIV,
536 1606 566 1635 8.
585 1606 694 1646 Lepidi
709 1606 808 1638 frater.

133 1650 267 1688 Paulus,
292 1650 355 1679 Pis.
384 1650 433 1684 17.
462 1659 515 1689 per
540 1648 707 1680 ludibrium
737 1650 907 1689 appellatur
938 1651 975 1682 L.

89 1691 173 1728 Piso,
202 1692 391 1723 Macedoniae
414 1691 585 1733 proconsul,
607 1693 644 1723 ab
667 1691 866 1733 AEmiliotisso
880 1694 977 1725 Paulo

86 1734 293 1766 Macedonico.
