1137 1848
242 46 392 78 INDEX
416 46 813 79 GRAECO-LATINUS.
913 46 976 81 447

90 131 177 172 eique
191 132 371 172 adjunctum
386 140 449 164 est:
474 139 634 175 tamquam
649 135 750 169 παθος,
766 132 848 174 quod
862 143 878 162 e
893 141 976 162 mor-

89 176 128 204 bo
151 176 295 215 primario
320 177 463 217 consequi
486 177 572 214 solet,
597 176 752 218 appellant
775 175 885 206 medici
909 176 975 214 ejus

87 218 187 248 morbi
211 231 387 257 επιγειινημα.
421 220 491 250 Hoc
511 221 637 250 verbum
661 219 769 249 deinde
784 219 824 249 ad
843 219 977 260 philoso-

87 260 192 300 phiam
215 271 233 291 a
255 262 362 292 Stoicis
377 263 550 293 traductum
571 269 625 301 est,
647 263 704 292 hoc
719 273 807 292 sensu
821 273 830 291 ι
865 262 928 291 Ars
945 271 974 291 v.

86 313 111 333 c.
128 303 263 343 pictoria,
281 309 325 334 est
340 310 498 346 tamquam
523 311 614 346 caput
628 310 657 336 et
672 304 851 345 primarium
877 303 951 345 quid
964 315 973 333 :

87 355 158 375 cum
174 352 276 377 autem
290 348 407 388 aliquid
422 359 460 378 ex
475 354 538 378 arte
558 349 594 379 e”a
613 348 770 378 artificiose
788 347 927 385 facimus,
944 346 976 376 id

87 388 210 419 demum
229 400 266 420 ex
281 391 392 431 primo,
405 391 435 421 h.
449 402 474 422 e.
485 402 523 422 ex
538 398 602 422 arte
617 392 652 421 e&
667 391 872 432 consequitur,
889 396 918 420 et
933 394 978 420 est

87 432 153 471 ejus
183 433 254 463 artis
281 445 459 474 επιγεννημα,
489 445 512 465 S.
540 446 797 472 επιγεννηματικον,
817 438 975 473 posterum

87 476 221 514 quodam
235 478 324 506 modo
334 482 363 507 et
374 488 570 517 consequen-5¹,
587 483 622 507 ut
632 477 738 507 Cicero
753 477 976 517 interpretatur.

87 516 126 547 Id
136 528 220 549 secus
235 530 296 550 esse
311 520 383 550 dicit
397 521 429 550 in
445 531 490 558 eo,
508 530 578 551 cum
594 520 668 561 quid
683 520 832 560 sapienter
846 519 974 555 dicitur;

86 560 120 590 id
142 562 223 591 enirn
244 572 305 592 non
321 563 379 593 dici
396 575 651 603 επιγεννηματικον,
677 563 728 593 sed
750 562 931 603 primarium
947 568 978 593 et

84 610 175 644 caput
186 605 239 635 rei.

128 647 339 683 Eisnn-rmov,
387 650 664 680 demonstrativum
703 650 828 679 (licendi
863 659 974 689 genus,

85 691 176 729 quasi
190 692 232 720 acl
246 692 485 730 inspiciendum,
503 693 713 723 delectationis
728 692 835 729 εαιιεᾶ,
852 703 975 731 compa-

84 738 200 764 ratum.
233 734 318 764 Nam
340 735 471 775 επιδειξις
495 742 539 766 est
568 736 672 772 oratio,
700 735 885 766 ostentandae
914 735 976 766 elo-

85 778 218 816 quentiae
233 784 262 807 et
286 778 357 808 artis
381 779 482 815 cause,
500 779 676 819 conscripta.
709 778 782 807 Vid.
804 779 918 819 Spanh.
935 778 975 808 ad

85 819 204 850 Julian.
226 820 282 851 Or.
305 820 334 859 Ι,
347 832 377 861 p.
400 823 446 851 15.
483 821 575 852 Unde
590 821 698 852 deinde
725 821 816 852 etiam
842 821 880 851 ad
900 821 974 851 alias

84 872 129 892 res
145 864 333 900 transfertur,
354 864 385 893 in
402 865 513 905 quibus
533 865 605 895 artis
625 864 783 895 ostentatio
799 870 971 905 spectatur:

84 917 123 938 εις
136 906 274 946 επιὸειξιν,
289 907 533 946 artisjactandae
549 906 657 943 camd,
674 907 729 938 Or.
749 911 799 945 11,
816 914 845 937 et
860 908 913 938 61.

126 948 295 987 Επιὲημιον,
310 952 530 990 contagiosum,
547 951 586 981 ad
595 951 666 980 Att.
684 949 764 986 XII,
787 954 832 981 10.

128 991 328 1030 Επικεφαλια,
344 995 497 1024 tributum
513 996 548 1024 in
563 995 689 1033 singula
711 994 813 1032 capita
838 995 973 1032 impera-

86 1039 164 1070 tum,
182 1034 221 1063 ad
236 1035 305 1065 Att.
320 1037 363 1074 V,
385 1041 432 1067 16.
458 1037 672 1077 gravissimum
688 1036 976 1077 iniquissimumque

86 1076 193 1106 tributi
207 1087 314 1117 genus,
331 1081 417 1119 cujus
432 1080 523 1110 caus&
538 1091 616 1121 saepe
631 1079 789 1109 seditiones
799 1085 871 1109 ortae
883 1085 974 1110 sunt:

86 1121 232 1159 capitatio
249 1122 437 1162 sequioribus
458 1123 651 1163 scriptoribus
667 1122 785 1152 dicitur.
816 1121 900 1152 Nam
922 1122 975 1152 tri-

85 1163 160 1192 buta
172 1163 233 1193 fere
248 1164 391 1196 dicuntur
402 1177 420 1196 a
435 1177 479 1203 re,
498 1172 619 1206 propter
634 1175 728 1206 quam
744 1165 919 1205 exiguntur,
934 1165 976 1196 sic

85 1207 323 1243 columnarium,
340 1209 379 1238 ad
393 1210 462 1239 Att.
480 1208 581 1245 MII,
598 1210 626 1238 8.
644 1209 820 1245 ostiarium,
839 1209 897 1238 διε.
911 1208 974 1238 vid.

86 1248 230 1289 Lipsium
245 1250 282 1280 de
298 1251 432 1292 Magnit.
449 1253 542 1282 Rom.
563 1252 616 1281 lib.
637 1250 684 1289 ΙΙ,
699 1256 730 1287 2,
746 1252 776 1281 3.
801 1250 907 1290 Hujus
919 1261 972 1291 ge-

85 1292 163 1321 neris
179 1292 237 1322 fuit
253 1294 412 1331 tributum,
424 1295 461 1325 de
476 1305 537 1335 quo
552 1295 667 1325 Matth.
684 1294 801 1331 XXII,
825 1298 872 1330 17,
888 1304 973 1335 seqq.

85 1340 121 1364 ut
137 1335 317 1366 Harduinus
338 1337 422 1376 vidit,
440 1338 534 1378 Oper.
556 1338 608 1367 sel.
629 1348 660 1378 p.
678 1339 751 1367 615.
781 1337 875 1375 Hinc,
892 1337 971 1367 Luc.

85 1376 163 1414 XX,
188 1383 241 1415 22,
258 1379 368 1410 dicitur
391 1387 481 1420 φορος,
498 1381 580 1420 quod
601 1382 727 1411 verbum
743 1380 780 1410 de
794 1380 851 1411 hoc
866 1389 976 1420 genere

84 1419 204 1459 dicitur,
233 1427 267 1451 ut
288 1428 374 1457 τελος
393 1423 431 1453 de
450 1423 593 1464 portorio,
616 1423 773 1464 scriptura,
796 1429 826 1453 et
840 1423 973 1453 decimis.

85 1462 305 1494 Permutantur
319 1476 338 1495 a
352 1466 546 1506 scriptoribus
562 1466 663 1504 sacris,
679 1467 711 1496 in
726 1466 784 1496 ists
799 1476 831 1496 re
850 1475 975 1496 narran-

84 1505 136 1543 (Ιὲ,
163 1520 274 1543 nmo-m,
292 1507 424 1548 δηναριον,
444 1515 538 1549 φορος.
560 1509 751 1549 Hesychius:
772 1508 973 1543 Κηνσος,ειὸο;

83 1560 272 1585 νομισματος,
299 1558 516 1591 επικεῷαλαιον,
540 1562 610 1592 quae
635 1553 734 1592 glossa
756 1552 857 1582 locum
883 1551 976 1581 illum

84 1590 200 1622 Mutth.
224 1592 340 1631 XXII,
371 1594 421 1631 17,
447 1595 591 1635 respicere
616 1595 755 1625 videtur:
780 1594 863 1635 quod
885 1594 973 1624 facile

84 1636 257 1673 concedent,
275 1642 304 1666 et
319 1637 409 1677 quale
424 1637 462 1667 sit
473 1638 653 1678 intelligent,
666 1638 720 1679 qui
734 1638 881 1668 rationem
891 1637 974 1677 glos-

85 1687 187 1708 sarum
209 1678 474 1719 Hesychianarum
498 1686 684 1722 perspectam
707 1681 830 1711 habent.
863 1681 973 1711 Επικε-

86 1725 209 1759 camum
233 1728 335 1752 autem
362 1722 442 1753 idem
459 1724 543 1764 quod
553 1730 746 1764 επικεῷαλιον,
763 1730 799 1754 ut
815 1729 970 1764 κεφαλαιῡν
