1137 1848
288 84 437 116 INDEX
461 83 748 116 HISTORICUS.
893 87 954 117 365

108 171 236 201 Servilia
254 172 391 207 Claudii,
407 169 474 201 Att.
488 170 559 201 XII
562 192 570 206 ,
587 171 639 201 20.
655 170 717 200 filia
731 170 772 208 Q.
789 170 952 211 Caepionis,

66 214 120 253 qui
135 213 291 254 naufragio
306 213 403 254 periit.
420 213 459 244 ad
470 213 538 243 Att.
551 213 612 251 VI,
631 218 656 245 1.
673 219 716 244 est
728 213 865 252 Servilia,
882 225 951 255 quae

65 257 186 296 nuptias
198 257 311 286 Tulliae
327 257 483 287 conciliare
498 256 627 286 volebat.

108 301 240 335 Servilii,
261 299 358 330 Acad.
377 298 436 336 IV,
458 302 504 328 18.
521 299 626 329 fratres
638 298 763 340 gemini,
788 299 948 338 simillimi,

64 347 99 371 ut
114 342 248 382 dignosci
264 343 314 372 vix
327 348 456 382 possent.
481 342 527 371 Hi
542 349 612 372 sunt
628 343 668 379 Q.
685 348 713 371 et
725 342 759 371 P.
778 342 818 379 Q.
831 342 950 383 Caepio-

64 384 111 414 nis
148 385 214 422 filii,
244 384 302 415 Cn.
331 395 399 425 nep.
427 396 445 415 a
477 384 588 426 quibus
613 385 720 415 deinde
750 386 950 416 Geminorum

62 437 228 467 cognomen
245 435 436 466 usurpatum,
448 434 477 458 et
489 427 527 457 ad
537 434 669 467 posteros
683 435 885 468 propagatum
895 434 950 463 est.

66 469 101 499 P.
119 471 223 500 consul
238 471 297 500 fuit
312 470 353 500 Α.
368 474 441 509 501,
459 477 487 501 et
505 472 576 501 505.

105 515 225 544 Servilii
253 516 368 551 Cascae,
404 514 485 544 Phil.
511 513 558 551 ΙΙ,
587 517 636 545 ll.
673 514 715 545 V.
740 515 779 544 P.
804 515 950 545 Servilius

67 557 177 586 Casca.

108 601 139 629 C.
157 601 303 630 Servilius
326 601 442 637 Ahala,
466 600 503 630 de
526 600 595 630 Sen.
618 602 666 630 16.
686 600 773 638 jussu
797 600 948 631 dictatoris

63 641 101 671 1..
118 642 240 680 Quintii
251 643 423 673 Cincinnati
439 644 490 683 Sp.
509 642 650 672 Maelium
662 642 810 673 interficit.
834 643 904 679 Sed,
915 643 946 673 in

61 684 153 724 hujus
182 686 379 726 praenomine,
398 686 475 715 mira
494 692 538 716 cst
556 685 588 715 in
605 685 690 716 codd.
713 686 808 717 MSS.
828 692 857 716 et
879 686 947 716 edd.

62 727 215 758 Ciceronis
225 728 434 759 inconstantia.
451 729 536 758 Nam
548 728 639 758 Catil.
649 727 676 765 Ι,
688 732 713 759 l.
725 728 834 759 dicitur
847 729 948 764 Quin-

59 775 129 806 tum
154 771 267 812 ibique,
285 778 469 802 monuerunt
486 771 630 801 Muretus
645 777 674 801 et
696 771 824 811 Pighius
844 772 883 802 ad
903 774 946 802 A.

61 816 135 851 131⁴,
147 814 310 853 legendum
324 816 427 845 Caius.
439 815 531 844 Dom.
547 818 586 844 3¹2
610 814 718 844 dicitur
730 816 860 845 Marcus
872 827 883 850 ;
895 815 949 845 ubi

59 856 135 886 nihil
161 857 321 888 Manutius
343 864 396 888 aut
416 858 524 898 reliqui
550 856 622 886 Intt.
650 857 680 886 in
702 857 748 887 ed.
775 857 948 888 Graevianit.

60 898 152 929 Dom.
169 900 189 929 l.
209 911 234 930 c.
253 901 283 930 in
301 901 441 930 exsilium
458 901 567 930 missus
583 905 636 929 est.

105 945 136 973 C.
157 944 301 973 Servilius
325 945 426 979 Vatia,
445 944 492 973 M.
512 944 548 973 F.
566 943 596 972 in
621 942 722 973 Caecil.
749 945 798 973 19.
818 953 888 973 eum
906 943 944 973 1..

60 984 206 1016 Veturius
226 997 364 1017 accusare
382 987 459 1022 vult,
479 986 530 1016 sed
546 985 573 1015 ci
589 995 648 1015 non
664 986 858 1026 permittitur.
884 985 946 1016 Hic

59 1029 202 1059 Servilius
218 1037 261 1059 est
276 1036 360 1070 pater
380 1029 415 1058 P.
433 1029 550 1060 Servilii
567 1027 713 1065 Isauriei;
739 1035 850 1069 praetor
875 1039 945 1070 pro-

57 1071 172 1109 vinciae,
186 1072 285 1102 nescio
297 1073 394 1111 cujus,
416 1071 474 1102 fuit
491 1073 530 1102 A.
550 1072 590 1102 U.
607 1072 679 1102 640.

103 1117 135 1145 C.
148 1117 296 1146 Servilius
310 1116 448 1152 Glaucia,
461 1116 549 1145 Brut.
558 1116 608 1144 62.
621 1120 792 1155 peracutus,
807 1114 946 1153 callidus,

57 1157 268 1199 imprimisque
285 1158 439 1189 ridiculus.
461 1158 549 1188 Catil.
567 1157 593 1193 I,
611 1158 637 1187 l.
651 1158 836 1188 interficitur.
860 1158 901 1188 V.
914 1157 946 1187 in

60 1203 93 1232 C.
114 1202 258 1232 Glaucia.

102 1246 134 1275 C·
154 1246 314 1283 Servilius,
338 1243 426 1274 Verr.
444 1243 506 1282 VI,
523 1244 573 1274 54.
597 1243 765 1284 negotiator
785 1244 947 1274 Panormi-

58 1292 157 1318 tanus.

102 1331 158 1361 Cn.
175 1331 317 1362 Servilius
334 1333 447 1370 Caepz'o,
466 1331 524 1362 Cn.
541 1331 577 1360 F.
593 1330 650 1361 Cn.
668 1329 710 1359 N.
727 1329 816 1359 Brut.
839 1331 890 1360 20.
906 1329 944 1368 is,

56 1373 111 1414 qui
136 1375 241 1404 consul
263 1374 323 1404 fuit
345 1375 388 1404 A.
410 1375 481 1403 584.
504 1384 573 1404 cum
594 1373 635 1410 Q.
654 1372 808 1413 Philippo,
834 1373 945 1413 quibus

56 1417 231 1447 consulibus
247 1417 368 1447 Ennius
383 1423 521 1447 mortuus
535 1422 588 1447 est.
605 1416 644 1446 V.
660 1415 806 1456 Pighium
821 1416 860 1445 ad
871 1416 902 1445 h.
916 1427 943 1446 a„

100 1461 157 1490 Cn.
171 1461 315 1490 Servilius
329 1462 439 1499 Capio,
451 1460 538 1490 Verr.
553 1458 599 1496 11,
613 1461 663 1488 55.
677 1468 790 1496 censor,
805 1459 844 1489 A.
858 1460 920 1489 628
932 1471 942 1490 z

56 1509 126 1534 ante
140 1513 211 1534 cum
226 1503 267 1540 Q.
280 1503 426 1544 Pompeio
442 1503 546 1533 consul
562 1503 601 1532 A.
618 1506 690 1533 612.
714 1501 772 1532 Est
783 1503 944 1542 superioris

57 1546 148 1576 filius.
167 1547 251 1576 Nam
266 1547 297 1576 in
316 1546 413 1576 Fastis
428 1546 538 1576 dicitur
554 1546 611 1576 Cn.
626 1546 661 1575 F.
677 1545 734 1576 Cn.
750 1545 790 1574 N.
806 1545 944 1576 Fratrem

54 1589 107 1619 vix
122 1596 247 1630 putem:
273 1595 317 1620 tot
331 1589 403 1620 anni
415 1596 486 1619 sunt
496 1589 570 1619 inter
586 1589 743 1630 utriusque
753 1589 945 1619 consulatum

58 1631 215 1671 interjecti.

101 1676 142 1705 L.
162 1677 318 1713 Servilius,
335 1674 423 1705 Verr.
442 1674 501 1713 IV,
525 1676 555 1711 7.
579 1686 670 1717 eques
682 1675 776 1706 Rom.
798 1674 943 1716 magister

55 1718 288 1759 publicanorum
304 1719 335 1749 in
352 1719 465 1757 Sicula,
482 1726 608 1759 praetore
622 1719 728 1750 Verre.

101 1762 141 1792 L.
155 1763 303 1794 Servilius
319 1764 499 1801 Postumus,
515 1762 554 1794 ad
570 1761 745 1836 Div.2X131‚
761 1761 813 1792 26.

677 1814 689 1834 1
