1122 1868
111 105 174 136 284
239 148 245 153 ἢ
327 103 477 134 INDEX
500 104 786 136 HISTORICUS.

163 190 197 220 T.
214 189 373 224 Manlius,
390 189 477 220 Verr.
495 189 560 227 ΙΙΙ,
574 191 624 220 50.
640 195 750 230 praetor
765 189 884 221 Siciliae.
907 190 1005 232 Agri-

118 238 245 274 gentum
263 242 299 262 ex
315 232 434 272 oppidis
449 233 620 264 Siculorum
636 232 719 263 ducit
734 233 894 272 coloniam.

164 276 198 306 T.
216 275 371 312 flsanlius,
383 274 470 305 Verr.
488 275 555 312 III,
569 276 598 305 8.
615 275 687 305 civis
703 276 873 306 Romanus.

164 318 363 348 Illarcellz'ni.
386 317 437 348 De
452 318 498 347 his
514 318 574 348 vid.
590 317 621 347 in
637 319 790 348 Lentulis.

167 360 203 391 C.
222 361 373 392 Claudius
388 361 567 397 Λίανοθῖίυε,
585 360 632 390 Μ.
649 361 691 391 fil.
711 361 763 391 M.
778 370 847 401 nep.
872 361 921 391 M.
937 371 1008 401 pro-

120 412 224 443 nepos.
241 404 352 433 Ascon.
368 403 407 433 ad
424 403 511 434 Verr.
532 403 599 440 ΙΙΙ,
616 404 647 433 3.
665 403 726 433 sive
741 406 790 437 (ut
804 404 902 443 placet
914 404 1008 434 U'es-

122 446 175 477 sel.
192 445 269 477 Obs.
286 445 333 482 ΙΙ,
362 445 404 485 l.)
426 447 567 486 abnepos.
583 451 668 486 pater
683 447 748 485 ejus
764 445 844 483 Caii,
861 446 915 487 qui
936 457 1007 477 cum

124 489 163 519 L.
181 488 279 518 Paulo
294 489 398 519 consul
413 489 481 519 fuit.
496 489 527 518 in
546 488 647 519 Caecil.
664 489 694 518 4.
711 488 802 518 Verr.
813 489 879 526 ΙΙΙ,
897 490 927 519 3.
944 488 1007 527 IV,

123 532 176 562 91.
187 531 310 572 praefuit
319 531 438 562 Siciliae.
452 531 490 561 ad
506 531 578 561 Div.
592 531 669 569 XV,
682 532 712 561 8.
736 531 808 562 Div.
826 530 872 569 II,
889 533 940 561 35.
958 532 1011 562 Ci-

123 574 238 604 ceronis
253 573 367 612 collega
382 573 412 603 in
428 579 590 614 auguratu.

171 618 203 647 C.
215 617 400 653 Marcellus,
415 616 451 646 C.
468 617 503 647 F.
514 616 553 646 ad
569 615 641 645 Div.
658 615 735 653 XV,
752 617 781 646 8.
798 617 888 647 Brut.
905 618 956 647 64.
972 617 1011 648 ad

124 657 198 689 Div.
216 658 315 695 VIII,
332 661 360 688 4.
378 666 407 688 et
422 659 451 693 7.
482 659 521 688 L.
546 658 637 688 Pauli
660 659 774 699 collega
794 659 826 689 in
844 661 1012 691 consulatu.

125 700 177 731 De
190 701 238 731 his
253 701 372 731 duobus
387 701 521 742 intellige
536 701 638 731 locum
653 711 707 741 pro
723 702 822 738 Sulla.
839 703 869 732 6.

172 745 208 774 C.
226 745 407 782 lilarcellzcs,
424 744 615 781 AEserninus,
630 743 717 774 Verr.
733 745 777 782 V,
794 746 844 775 42.
863 745 913 775 M.
925 745 1014 776 Mar-

124 786 193 817 celli
209 786 298 816 filius.

173 829 207 858 C.
224 830 406 865 Marcellus,
423 828 563 859 Marcell.
577 830 606 859 4.
628 829 719 860 frater
735 829 783 860 Μ.
806 829 947 861 Marcelli
962 841 1014 861 ex-

127 871 211 906 sulis,
227 872 281 913 qui
300 872 405 903 consul
427 871 486 901 fuit
510 882 579 902 cum
603 871 662 903 Cn.
677 872 810 903 Lentulo
833 873 919 904 initio
943 874 1015 904 belli

128 914 236 952 civilis,
247 915 381 946 diversus
392 916 430 945 ab
445 924 492 953 eo,
509 915 642 955 quicum
655 915 694 946 1..
707 915 805 945 Paulo
820 916 924 946 consul
933 916 991 946 fuit
1003 928 1012 947 z

128 966 201 986 nam
218 957 243 987 is
258 957 317 988 fuit
337 963 458 988 tantum
474 958 539 997 ejus
556 958 711 998 patruelis.
735 958 807 989 vid.
835 958 960 989 Manut.
976 959 1015 989 ad

127 998 201 1030 Div.
219 1000 295 1038 XV,
313 1001 342 1036 7.

173 1042 206 1072 C.
222 1043 404 1081 Marcellus,
421 1042 470 1072 M.
484 1042 521 1073 F.
540 1043 623 1074 Sext.
639 1044 668 1073 4.
686 1043 890 1074 Catilinarius.
905 1042 1016 1085 Capua

129 1095 148 1116 a
164 1084 204 1115 P.
220 1085 323 1116 Sextio
339 1086 510 1126 expellitur.

172 1129 227 1157 M.
248 1129 430 1165 ,nsaw-cellas,
458 1128 507 1159 M.
523 1128 559 1158 F.
572 1127 662 1159 offic.
680 1128 709 1167 Ι,
728 1130 777 1159 18.
804 1128 1016 1169 magnitudine

129 1170 226 1201 animi
248 1172 376 1202 excellit.
392 1171 429 1202 de
444 1170 548 1201 Divin.
567 1171 616 1209 ΙΙ,
639 1171 690 1201 36.
714 1172 875 1213 quinquies
899 1173 1015 1211 consul,

129 1213 293 1253 irnperator
308 1220 338 1244 et
354 1224 453 1254 augur
467 1213 612 1254 optimus,
629 1215 793 1254 augurium
815 1225 852 1245 ex
868 1215 1016 1245 acumini-

129 1256 187 1286 bus
198 1261 296 1286 totum
310 1257 432 1287 omittit.
456 1256 546 1286 Brut.
563 1259 592 1286 3.
617 1256 825 1288 Hannibalem
840 1257 879 1287 ad
899 1257 1015 1288 Nolam

129 1298 211 1328 vicit.
233 1298 320 1329 Verr.
337 1299 384 1337 11,
402 1301 431 1330 4.
448 1299 484 1338 is,
509 1299 610 1329 Poenis
635 1298 731 1338 victis,
752 1299 882 1330 restituit
905 1299 1015 1331 Siculis

128 1341 317 1372 monimenta
327 1354 336 1372 ε
361 1343 443 1372 unde
463 1347 608 1382 patronus
623 1341 743 1381 Siciliae,
759 1342 840 1372 idem
856 1342 910 1383 qui
924 1343 1016 1383 Syra-

129 1393 216 1414 cusas
231 1384 320 1424 cepit,
338 1386 426 1424 cujus
440 1394 520 1426 saepe
533 1385 565 1415 in
580 1384 718 1415 Verrinis
737 1385 852 1415 mentio
871 1385 915 1416 fit.
937 1396 966 1416 v.
987 1396 1013 1416 c.

129 1423 177 1462 ΙΙ,
195 1427 245 1456 51.
260 1429 312 1457 55.
330 1427 368 1458 In
381 1428 487 1469 quinto
499 1427 669 1463 consulatu,
679 1427 751 1457 belli
767 1427 876 1458 Punici
891 1428 1014 1458 secundi

127 1477 207 1498 anno
220 1468 283 1507 XI,
306 1470 347 1500 A.
359 1471 400 1501 U.
417 1471 492 1507 545,
518 1470 550 1500 in
565 1469 670 1510 proelio
685 1475 788 1500 contra
804 1470 1013 1502 Hannibalem

128 1511 227 1551 periit.
251 1511 289 1541 In
305 1513 370 1551 ejus
380 1513 525 1543 honorem
541 1523 559 1543 a
573 1511 682 1544 Siculis
696 1512 844 1543 celebrata
855 1518 926 1544 sunt

173 1554 359 1591 Men-cellen.
376 1556 464 1587 Verr.
479 1554 543 1594 ΙΙΙ,
561 1558 612 1585 21.
630 1555 687 1585 διο.
703 1565 772 1595 quae
785 1561 888 1596 postea
903 1555 1013 1587 Verres

129 1597 263 1634 sustulit,
286 1603 315 1627 et
334 1597 447 1629 Verrea
472 1598 635 1629 substituit.
667 1597 888 1639 Wesselingius
911 1604 1013 1629 tamen

130 1638 207 1668 Obs.
224 1638 270 1677 ΙΙ,
285 1642 312 1670 l.
329 1640 367 1670 ad
384 1641 420 1671 C.
437 1641 620 1672 Marcellum
635 1640 782 1682 pertinere
796 1646 902 1682 putat:
919 1652 1013 1682 quem

129 1680 190 1712 vid.

171 1725 219 1754 M.
239 1725 421 1765 lilarcellus,
445 1726 525 1757 filius
549 1726 710 1767 quinquies
735 1726 875 1758 consulis.
908 1727 1010 1758 Pison-
