1137 1848
315 81 466 112 INDEX
488 81 779 114 HISTORICUS.
923 79 987 110 243

144 164 178 195 C.
199 167 334 205 Gallius,
358 167 446 198 Verr.
464 166 526 203 IV,
542 168 594 197 65.
608 174 736 198 senator.

141 209 189 237 M.
219 211 349 240 Gallius.
373 209 414 247 Q.
442 211 478 240 F.
506 210 588 241 Phil.
615 210 718 248 XIII,
748 212 797 240 12.
817 207 986 250 praetorius,

97 249 304 283 Antonianus.
320 252 359 283 ad.
373 256 443 283 Att.
460 253 505 291 X,
527 256 575 284 15.
590 252 654 292 XI,
671 254 723 283 20.
745 252 785 284 V.
803 251 933 292 Interpr.
948 251 987 281 ad

99 293 223 324 Sueton.
239 295 311 325 Tib.
328 296 357 326 6.

144 336 179 371 Q.
207 338 341 375 Gallius,
364 339 454 368 Brut.
476 340 528 375 79.
551 349 569 369 a
592 339 640 369 M.
663 337 781 369 Calidio
804 347 871 367 reus
897 337 931 366 fit
950 336 987 367 de

97 379 235 457 Ξῐῗῦἰως
260 381 431 412 defenditur
457 393 476 413 a
500 382 654 412 Cicerone.
677 381 718 411 V.
743 381 772 410 Τ
775 391 832 410 orr.
848 380 887 410 ad
901 383 990 420 Aug.

141 465 179 495 P.
208 467 385 504 Gallonius,
419 478 530 509 praeco,
564 467 674 505 Quint.
701 467 753 497 30.
783 466 853 495 Fin.
880 465 927 502 II,
956 465 987 494 8.

97 506 189 538 homo
204 509 474 547 luxuriosissimus,
491 511 578 549 cujus
590 520 695 540 mensa
709 509 794 539 omni
809 518 916 549 genere
936 507 989 536 de-

95 549 247 589 liciarum,
273 553 304 582 in
331 553 437 593 primis
461 554 645 593 acipensere,
670 551 806 587 infamis,
832 557 990 591 propterea

95 599 218 624 notatus
234 595 354 625 Lucilio
365 600 472 636 po'e‘tae.
498 595 650 635 Ejusdem
661 595 705 626 rei
716 594 903 625 mentionem
917 593 990 623 facit

98 635 257 675 Horatius,
281 639 344 668 Sat.
361 638 407 675 II,
421 641 450 669 2.
468 640 519 673 47.

142 679 264 718 Gallus,
283 682 466 711 Herennius.
490 681 532 710 V.
557 682 752 711 Herennius.

142 722 263 759 Gallus,
284 725 445 754 Cornelius.
470 724 523 754 Ad
540 723 612 754 Div.
632 724 675 759 X,
692 727 745 752 3⁶2.
769 725 860 763 poe'ta
875 726 919 751 est
933 730 989 750 no-

96 763 165 794 bilis
185 767 242 795 sub
265 766 421 806 Augusto,
438 773 473 796 ut
496 772 586 807 putat
604 766 776 796 Manutius.
800 765 867 795 Nec
889 763 987 799 video,

95 806 170 846 quid
185 809 292 838 obstet.
316 809 358 839 V.
374 810 525 839 Burman.
539 809 577 839 ad
589 810 673 840 Suet.
684 810 770 848 Aug.
786 808 838 838 66.
852 813 881 837 et
894 805 989 837 Ow'd.

98 850 172 879 Am.
190 850 256 888 ΙΙΙ,
273 853 303 882 9.
316 852 368 881 64.

140 894 172 923 C.
200 895 320 931 Gallus,
344 895 383 925 ad
410 894 483 925 Div.
514 894 575 932 IV,
602 894 631 923 G.
657 893 694 923 de
717 899 808 933 gente
832 891 982 932 Sulpici-22,

93 936 199 966 consul
220 937 349 977 Ligures
376 938 446 968 vicit
468 939 512 968 A.
534 939 607 973 587.
633 936 720 974 Cato,
742 937 791 966 14.
817 935 987 975 astrologiae

95 978 220 1019 peritus.
238 980 279 1010 V.
297 981 457 1019 Sulpicius.

139 1023 171 1052 C.
189 1023 305 1059 Gallus,
330 1023 420 1052 Brut.
446 1026 497 1053 23.
518 1022 599 1064 Top.
627 1023 677 1052 12.
698 1020 786 1052 Mur.
808 1021 860 1056 37.
886 1026 930 1050 est
947 1017 984 1051 C.

96 1063 263 1104 Aquillius,
279 1065 317 1095 de
333 1076 394 1106 quo
409 1065 476 1095 vide
492 1076 592 1106 supra.

141 1107 257 1145 Gallus,
284 1109 434 1143 Quintius.
452 1108 491 1137 V.
514 1108 667 1144 Quzntz'ns.

140 1150 222 1180 Galli
236 1151 297 1181 duo
318 1157 389 1181 sunt
403 1151 443 1182 ad
463 1151 536 1182 Div.
554 1150 652 1188 VIII,
675 1152 705 1179 4.
726 1158 918 1191 quamquam
937 1147 989 1178 alii

95 1191 210 1223 habent
226 1194 328 1224 Gallii.

141 1236 275 1274 Gamala,
303 1238 365 1266 Att.
382 1236 464 1274 XII,
481 1237 533 1267 23.

143 1279 305 1317 Gamelion,
321 1280 433 1309 mensis
451 1280 550 1310 Graeci
565 1289 687 1310 nomen.
711 1277 780 1308 Fin.
798 1275 844 1314 II,
863 1277 919 1308 31.

142 1321 293 1353 Gauianus
312 1323 489 1361 Euandrus,
505 1323 544 1353 ad
560 1323 632 1353 Div.
656 1321 740 1357 XII,
762 1322 792 1350 2.
813 1318 987 1359 statuarius,

96 1363 224 1395 libertus
237 1365 286 1394 M.
303 1365 434 1395 AEmilii.

140 1407 180 1437 L.
201 1408 321 1445 Gavius,
338 1408 515 1445 Firmanus,
535 1408 604 1438 Att.
622 1406 684 1444 VI,
698 1407 726 1436 1.
743 1405 922 1446 negotiator,
938 1404 988 1435 cui

97 1449 308 1490 praefecturam
323 1456 430 1490 rogatu
452 1451 544 1480 Bruti
560 1451 663 1481 Cicero
679 1449 796 1479 detulit.
814 1449 854 1478 ib.
871 1449 900 1477 3.
918 1457 989 1477 con-

96 1493 276 1523 tumeliosus
294 1499 339 1523 est
358 1493 390 1522 in
414 1493 601 1523 Ciceronem.
623 1494 659 1523 P.
685 1491 786 1522 Clodii
799 1491 889 1521 canis.
914 1490 989 1520 Fra-

96 1540 173 1565 trem
196 1535 338 1566 habuisse
358 1536 478 1575 colligo,
498 1536 581 1576 quod
602 1536 668 1566 Att.
687 1534 748 1571 IV,
771 1535 800 1564 8.
817 1533 988 1573 appellatur

96 1577 270 1616 Firmanus,
288 1584 318 1608 et
332 1578 400 1608 Att.
419 1578 480 1617 IV,
505 1580 534 1613 7.
552 1582 828 1609 commemorantur
849 1574 988 1605 Firmani

98 1620 214 1651 fratres.

141 1664 180 1693 P.
201 1664 325 1701 Gavius,
350 1663 498 1701 Cosanus,
515 1663 604 1694 Verr.
620 1663 684 1701 VI,
701 1663 754 1692 61.

148 1707 185 1737 T.
203 1707 312 1738 Gavius
332 1708 442 1747 Caepio,
464 1708 532 1738 Att.
551 1706 594 1745 V,
617 1708 669 1737 20.
685 1704 821 1746 locuples
840 1709 870 1735 et
886 1703 990 1745 splen-
