1137 1848
335 13 485 46 INDEX
507 15 541 46 H
546 15 794 48 ISTORICUS.
944 17 1007 48 215

122 98 208 129 docet
242 98 416 141 Menagius.
457 99 547 131 Vixit
583 101 779 142 Anaxagorae
812 102 1009 143 temporibus.

124 142 272 182 Physicus
286 142 383 173 dictus
399 150 453 181 est,
470 150 499 174 et
514 143 686 185 eloquentia
706 153 767 174 non
789 145 891 176 minus
914 156 1009 187 quam

120 184 312 225 philosophi-22
327 186 432 216 valuit.

163 229 333 267 Diogenes,
357 229 501 270 Cynicus.
524 230 617 260 Tusc.
636 229 664 267 Ι,
688 230 740 260 43.
765 230 960 261 inhumatum
976 241 1008 262 se

121 271 226 310 projici
239 272 335 310 jubet.
360 272 552 302 Memoratur
571 273 661 303 etiam
678 273 772 303 Tusc.
795 274 861 312 ΙΙΙ,
887 275 938 304 23.
963 275 1006 313 V,

120 314 172 344 32.
196 314 282 343 Mur.
299 316 350 344 36.
376 315 448 345 Nat.
465 315 506 345 D.
524 314 588 351 ΙΙΙ,
607 316 658 345 34.
675 317 732 345 ἃς.

163 357 330 395 Diogenes,
352 358 554 399 Babylonius,
580 359 708 389 Stoicus.
744 356 841 389 Acad.
866 358 927 397 IV,
952 361 1006 391 30.

121 398 285 430 Carneadis
301 401 331 430 in
353 401 508 431 dialectica
524 408 698 442 praeceptor.
722 401 791 431 Fin.
814 402 861 440 II,
879 404 908 432 8.
933 413 1005 433 eum

120 441 236 472 Laelius
251 443 375 473 audiw't.
394 443 458 481 III,
473 445 521 474 10.
539 446 603 483 ejus
618 444 752 475 definitio
766 445 837 474 boni
851 447 1006 485 probatur.

120 484 213 516 Tusc.
236 484 302 521 ΙΙΙ,
319 488 348 516 3.
373 488 488 518 Senect.
513 488 542 522 7.
568 488 701 517 Romam
724 488 841 527 legatus
864 488 1006 518 mittitur.

121 527 195 558 Nat.
213 528 253 558 1).
281 528 307 565 I,
335 532 385 560 15.
408 531 473 569 ejus
493 530 568 560 liber
592 532 613 547 “
631 530 668 560 de
686 530 861 560 Minerva.”
888 531 919 560 in
946 541 1008 571 quo

119 577 241 610 partum
265 573 352 603 Jovis
378 573 417 603 ad
442 573 662 614 physiologiam
678 573 817 603 traducit.
842 573 913 603 Div.
933 573 959 609 I,
976 575 997 603 3

121 613 285 656 Chrysippi
307 616 436 653 auditor,
462 626 558 645 unum
584 616 696 645 librum
714 616 807 645 edidit
831 618 851 633 “
867 617 905 646 de
920 616 1010 646 Divi-

120 656 274 687 natione.”
293 658 338 695 II,
364 660 414 689 43.
428 659 652 699 praedictionem
668 668 734 688 eam
749 659 895 697 concedit,
908 659 1008 699 qualis

119 700 248 741 quisque
268 702 389 739 naturai,
408 708 438 732 et
461 701 499 731 ad
523 712 616 742 quam
635 701 774 743 quisque
788 712 852 732 rem
872 702 1008 733 maxime

119 749 220 784 aptus,
236 743 358 774 futurus
374 745 421 775 sit.

162 787 331 825 Diogenes,
356 788 492 825 Graecus,
519 787 559 818 ad
581 787 654 817 Div.
671 785 719 826 II,
740 790 786 817 12.
805 786 839 817 it.
860 786 958 826 VIII,
975 788 1006 818 8.

119 829 168 859 M.
187 830 275 860 Coelii
287 831 362 861 Rufi
377 831 501 861 amicus.

162 873 329 912 Diogenes,
348 874 468 904 Cluent.
488 877 534 906 16.
549 873 625 904 servi
640 883 761 903 nomen.

163 917 343 955 Dignatus,
362 916 522 947 Venerius.
540 917 629 947 Verr.
645 914 706 953 IV,
723 917 775 946 38.
795 915 848 957 qui
864 915 1008 947 decumas

120 958 312 990 Tissensium
329 971 346 990 a
362 961 458 990 Verre
475 966 597 990 emerat.

163 1003 284 1039 Diona,
303 1003 376 1033 Nat.
396 1003 437 1032 D.
456 1003 522 1040 III,
540 1003 590 1031 23.
605 1008 702 1032 mater
717 1002 855 1032 Veneris.

160 1046 424 1085 Dionysiarclzus,
442 1045 530 1075 Verr.
551 1046 594 1083 V,
612 1048 663 1076 23.
681 1055 846 1085 proagorus
862 1044 1008 1076 Catinen-

116 1100 165 1120 sis.

160 1133 329 1172 Dionysia,
347 1132 387 1169 Q.
406 1132 494 1162 Rosc.
512 1132 541 1161 8.
558 1131 704 1161 saltatrix.
720 1130 792 1160 Vid.
811 1131 891 1161 Gen.
909 1131 936 1167 Ι,
954 1134 984 1162 5.

160 1177 347 1214 Dionysius,
365 1176 439 1205 Nat.
456 1175 496 1204 D.
515 1174 584 1212 111,
601 1177 652 1204 21.
676 1173 757 1203 filius
768 1174 856 1204 Jovis
879 1181 908 1204 et
929 1175 1006 1205 Pro-

117 1219 255 1259 serpinae.
280 1218 351 1248 Vid.
368 1219 502 1248 Anaces.

160 1262 342 1301 Dionysius,
359 1262 618 1302 Syracusanorum
633 1265 789 1300 tyrannus.
814 1260 888 1290 Div.
906 1261 936 1299 Ι,
953 1264 1004 1292 20.

118 1305 183 1344 ejus
199 1311 306 1341 mater,
320 1314 388 1335 cum
405 1313 565 1344 praegnans
577 1313 647 1333 eum
660 1303 727 1332 alvo
739 1303 913 1338 contineret,
925 1314 1006 1334 som-

119 1347 226 1383 niavit,
243 1357 274 1377 se
297 1347 448 1388 peperisse
471 1346 660 1386 satyriscum,
678 1346 734 1375 ἃς.
768 1345 799 1375 V
801 1356 857 1375 err.
876 1346 937 1383 VI,
954 1350 1005 1377 55.

119 1391 185 1429 ejus
200 1390 368 1420 lautumiae.
387 1389 425 1419 ad
448 1389 520 1419 Div.
536 1388 598 1423 IX,
620 1389 669 1418 18.
695 1388 804 1418 dicitur
818 1388 928 1419 ludum
944 1390 1004 1421 Co-

117 1433 211 1462 rinthi
227 1433 387 1471 aperuisse.
422 1432 495 1462 Nat.
517 1432 560 1462 D.
584 1431 651 1466 III,
669 1434 721 1462 34.
738 1431 908 1472 sacrilegus.
929 1431 1002 1463 Div.

119 1476 148 1512 Ῑ,
166 1477 217 1506 33.
235 1474 280 1512 ΙΙ,
297 1476 348 1506 31.
365 1481 517 1506 ostentum
533 1474 603 1514 equi
619 1475 694 1513 ejus.
715 1474 779 1504 Off.
796 1473 843 1509 II,
863 1475 891 1509 7.
908 1475 1002 1506 Tusc.

117 1518 160 1556 V,
183 1519 231 1549 19.
248 1519 312 1558 ejus
329 1518 474 1559 tyrannis,
492 1527 610 1555 uxores,
623 1516 792 1554 crudelitas,
808 1517 936 1548 miseria.

160 1562 348 1601 Dionysius,
368 1561 570 1591 Heracleotes.
594 1559 691 1590 Acad.
710 1557 770 1596 IV,
792 1561 843 1589 22.
871 1560 1001 1592 Zenonis

117 1604 220 1635 Cittiei
235 1605 409 1645 discipulus.
426 1604 451 1634 F
454 1604 495 1633 in.
512 1602 555 1639 V,
571 1603 622 1632 31.
640 1608 761 1643 propter
776 1603 933 1633 oculorum
948 1604 1002 1634 do-

115 1647 211 1677 lorem
227 1658 246 1678 a
267 1647 375 1678 Stoicis
395 1646 540 1684 desciscit,
565 1651 595 1675 et
618 1645 652 1674 fit
672 1645 852 1686 Epicureus,
869 1656 891 1676 S.
908 1646 1003 1688 Cyre-

115 1690 235 1729 na'icus,
251 1690 333 1722 unde
344 1692 539 1729 μεταθεμενος
553 1688 650 1720 dictus
661 1694 714 1719 est.
