1122 1868
143 97 203 127 114
314 95 462 126 INDEX
486 94 852 127 GEOGRAPHICUS.

190 181 384 212 Trebulanus
409 192 491 221 ager,
513 182 624 222 Agrar.
642 179 689 218 II,
705 182 759 218 25,
783 180 860 211 circa
885 180 1033 211 Trebula-s

144 225 346 256 Sabinorum.

189 269 260 298 Tres
278 269 439 305 Tabernae,
452 267 491 298 ad
505 268 574 298 Att.
591 267 619 303 Ι,
640 268 691 303 13,
706 267 790 296 locus
804 266 836 296 in
851 266 901 297 vi'iv.
915 265 1035 307 Appia,

143 312 246 350 cujus,
262 311 294 341 in
320 311 518 352 descriptione
542 310 655 340 itineris
680 308 815 346 Paulini,
841 309 957 339 mentio
978 309 1036 345 fit;

149 353 187 384 ad
203 364 296 394 quem
311 353 418 384 diverti
433 353 569 392 viatores,
587 359 615 383 et
630 353 696 383 cibo
712 352 843 392 vinoque
859 362 890 382 se
904 352 1037 389 reficere,

150 402 299 437 poterant.

195 439 402 477 Triocalinum,
420 440 507 469 Verr.
524 439 586 477 VI,
611 440 642 475 4,
658 450 676 468 a
694 438 844 475 Triocalis,
865 437 977 479 oppido
992 437 1041 468 Si-

147 482 226 512 ciliae
245 482 482 521 mediterraneae,
498 482 576 512 inter
592 482 753 512 Himeram
769 481 899 511 fluvium
922 487 952 511 et
973 480 1040 511 Cri-

149 535 289 555 nussum.

194 568 299 605 Tritia,
316 568 355 598 ad
369 568 438 598 Att.
454 568 516 605 VI,
533 569 565 604 2,
578 569 650 598 urbs
665 567 818 597 maritima
833 566 970 597 Acha'n'ae.

193 612 342 649 Trffzene,
359 612 431 641 urbs
441 611 607 651 Argolidis.

194 655 328 694 Trogini,
349 654 386 683 de
401 654 506 684 Divin.
525 654 572 690 ΙΙ,
589 654 641 691 37,
663 653 854 693 Troginormn
876 652 1035 682 tetrarchia

147 696 257 727 dicitur
272 697 416 726 Deiotaro
431 707 448 726 a
464 696 581 726 Caesare
592 702 702 736 erepta.
727 696 785 726 Sed
797 705 887 725 nemo
898 701 1033 725 veterum

147 741 282 779 Troginus
305 744 472 769 memorat:
498 739 578 769 unde
601 739 634 768 J.
657 739 828 769 Gronovius
850 737 1036 767 Tracnmrum

147 782 334 821 conjiciebat.
369 782 411 813 V.
435 782 544 812 Cellar.
571 782 611 812 G.
635 782 678 812 A.
706 782 773 819 III,
790 782 832 817 4;
857 780 970 811 Davies
993 780 1032 810 ad

195 867 387 909 Doglodytffi,
413 868 450 899 de
474 868 610 899 Divinat.
636 868 683 905 II,
710 870 762 903 44,
789 867 895 908 populi
922 866 1034 896 Africae

148 910 235 947 varii,
251 911 281 940 in
299 912 448 952 speluncis
464 911 599 942 habitare
621 910 709 941 soliti.
745 911 857 940 Errant
872 909 964 947 enim,
981 908 1034 950 qui

148 963 247 983 unum
263 961 378 984 certum
398 955 547 995 populum
564 955 620 985 hoc
635 954 757 984 nomine
772 953 830 983 dici
844 958 963 994 putant.

196 995 293 1037 Troja,
309 999 382 1027 urbs
394 997 523 1027 Troadis
534 997 566 1027 in
582 997 659 1027 Asia
676 996 802 1026 Minori.

195 1039 364 1079 'Ii-qjmzum,
380 1040 448 1070 Att.
467 1040 528 1077 IX,
548 1041 599 1074 13,
616 1040 688 1070 villa
702 1039 732 1069 in
749 1048 820 1079 agro
836 1037 1034 1075 Laurentino,

149 1081 230 1112 dicta
244 1084 282 1112 ab
297 1085 372 1113 urbe
388 1083 417 1113 T
420 1081 482 1121 rojfi
497 1083 528 1112 in
539 1083 643 1113 eodem
660 1093 741 1122 agro.

197 1127 395 1163 Tsomemz‘na,
411 1126 449 1155 ad
464 1127 532 1156 Att.
550 1126 610 1163 IV,
635 1126 684 1160 16,
709 1125 804 1154 tribus
818 1123 925 1165 populi
941 1123 1034 1153 Rom.

150 1168 311 1204 rusticana,
329 1179 347 1198 a
362 1179 468 1209 campo
490 1170 650 1198 Trmnemo.
674 1168 792 1198 Festus.

195 1211 424 1252 Trophoniana&
447 1211 501 1241 Ad
522 1213 589 1242 Att.
606 1211 668 1249 VI,
692 1212 723 1248 2,
752 1210 949 1248 'livphmzia'na
963 1220 1035 1238 nar-

150 1256 224 1283 ratio
239 1262 282 1284 est
300 1254 337 1284 de
359 1265 405 1291 eo,
429 1254 482 1295 qui
498 1255 529 1284 in
545 1260 668 1284 antrum
693 1254 849 1292 Trophonii
871 1251 1034 1290 descendit,

149 1297 232 1337 quod
242 1297 273 1326 in
289 1297 406 1327 Boeotifi
423 1298 491 1327 fuit.

196 1339 391 1369 'l'ruenlinum
413 1347 550 1377 castrum,
575 1340 613 1370 ad
633 1341 701 1370 Att.
722 1339 822 1375 VIII,
844 1339 894 1375 12,
918 1338 949 1368 in
965 1348 1037 1378 agro

151 1382 274 1419 Piceno,
292 1384 439 1423 oppidum
456 1383 493 1413 ad
509 1383 620 1414 ostium
636 1383 722 1414 fluvii
739 1383 875 1419 Truemi,
891 1381 972 1411 unde
983 1390 1037 1410 no-

150 1435 221 1455 men
237 1426 359 1466 accepit.

197 1469 294 1506 Ίὶιεςὶ,
311 1469 403 1499 iidem
420 1470 473 1511 qui
488 1469 619 1499 Etrusci.

196 1512 412 1550 Tusculanum,
424 1513 573 1553 praedium
590 1511 741 1543 Ciceronis
756 1511 787 1540 in
802 1521 874 1551 agro
889 1509 1038 1540 Tuscula-

148 1563 200 1591 no,
218 1564 296 1594 saepe
311 1561 505 1585 memoratur.
533 1556 691 1585 Tusculum
703 1561 747 1585 est
759 1555 832 1584 urbs
847 1553 937 1583 Latii.
966 1552 1039 1582 Tus-

147 1598 284 1626 culanum
299 1598 436 1635 Caesaris,
453 1599 490 1627 de
506 1598 593 1628 Orat.
607 1598 654 1635 II,
670 1600 710 1633 ὃς
732 1598 930 1627 Tusculanum
948 1595 1038 1626 Cras-

149 1639 185 1677 si,
208 1640 247 1669 ad
270 1641 338 1670 Att.
363 1641 424 1678 IV,
456 1642 514 1677 16,
545 1642 759 1677 Tusculanum,
784 1639 823 1669 ad
846 1640 915 1669 Att.
936 1639 964 1675 I,
985 1640 1035 1675 14,

147 1682 297 1723 praedium
313 1684 354 1720 Q.
372 1683 495 1713 Fratris.

194 1726 289 1767 Tyba,
310 1726 347 1755 ad
364 1726 436 1756 Div.
454 1726 530 1762 XV,
551 1727 579 1760 1,
601 1733 682 1757 trans
699 1726 890 1767 Euphraten,
909 1724 972 1755 »ive
991 1723 1036 1754 vi-

143 1779 208 1807 cus,
226 1769 287 1799 sive
305 1770 376 1800 urbs
388 1769 488 1800 fuerit.
507 1770 645 1810 ignotum
663 1776 715 1800 est.
