1122 1868
173 47 236 78 430
326 45 476 78 INDEX
499 43 896 76 GRAECO-LATINUS.

164 133 271 163 statim
285 133 361 162 enim
381 133 434 162 tibi
449 131 565 169 deinde,
583 137 645 170 post
660 130 830 166 Hectorem,
848 139 926 160 mors
943 133 1058 168 parata,

173 175 213 206 ad
229 175 294 206 Att.
314 175 377 213 lx,
394 177 424 205 5.

216 224 327 248 Av‘rmot
343 219 483 256 τεθναιην,
505 229 562 246 επει
580 228 626 246 ουκ
644 218 685 256 αρ’
704 221 823 254 εμελλῡν
837 215 941 255 ἓταιρῳ

218 266 390 300 Κτεινομενῳ
404 272 552 298 επαμυναι,
569 260 681 289 utinam
696 259 790 288 statim
804 259 921 296 moriar,
929 267 996 291 cum
1005 266 1064 286 non

166 305 253 344 potui
267 305 350 339 socio,
361 314 425 333 cnm
436 302 659 341 interficeretur,
671 302 854 342 opemj'erre,
867 300 907 330 ad
917 299 984 331 Att.
995 299 1058 338 IX,

172 349 204 377 5.
222 353 350 388 uterque
364 356 465 376 versus
480 351 524 375 est
539 355 576 375 ex
593 344 688 375 Hom.
705 343 743 373 11.
761 349 792 382 Σ,
809 345 861 381 98,
876 345 926 374 99.

216 390 525 430 Αυτονομια,]ἰιειιίιαε
537 394 562 417 et
574 389 687 418 libertus
700 387 761 417 suis
774 388 878 417 ¹utendi.
889 386 1010 428 legibus,
1021 383 1060 415 ad

174 432 241 464 Att.
259 431 320 469 VI,
342 436 368 462 ι.
383 438 412 462 et
428 436 460 463 2.

216 478 381 516 Αυτοχὲων,
397 477 514 505 nativus
529 477 555 502 et
568 473 715 512 indigena,
731 471 770 502 ad
783 471 849 502 Att.
861 471 944 509 VII,
962 474 992 501 2.
1007 480 1063 511 op-

172 524 329 559 ponuntur
342 519 511 558 αυτῦχὲουες
522 515 558 546 iis
568 515 621 556 qui
631 526 684 557 per
699 515 848 546 coloniam
863 515 894 545 in
909 514 1063 555 regionem

172 560 295 592 aliunde
311 559 393 590 ducti
409 565 490 589 sunt.
962 588 964 590 ¹

215 610 299 639 Αυτῳ
321 615 363 639 τῳ
378 614 487 640 μετρῳ,
502 614 549 631 και
566 604 661 637 λωῖον,
682 600 783 631 effidem
794 599 942 635 mensurd,
959 604 986 629 et
1001 609 1062 629 me-

167 647 242 685 lius,
255 646 295 676 ad
312 644 378 676 Att.
400 644 504 684 XIII,
529 647 578 675 12.
604 654 642 674 ex
663 643 791 675 Hesiod.
815 642 909 684 Oper.
930 648 960 673 et
975 641 1018 671 1).
1031 651 1061 672 v.

171 690 248 720 350.

217 738 337 772 Apa-roc,
366 730 516 768 α’διηγητα,
538 741 598 760 non
619 729 754 768 dicenda,
775 740 832 760 non
847 727 1008 764 narranda,
1023 726 1062 757 ad

173 775 243 806 Att.
260 773 360 811 XIII,
377 775 406 805 9.
429 772 507 810 XV,
527 773 577 804 19.

216 822 442 857 Αφελεστατος,
471 816 708 854 simplicissimus,
730 815 769 846 ad
785 815 849 846 Att.
867 813 895 852 I,
919 814 967 844 18.
984 812 1062 843 nihil

171 861 301 902 fingens,
328 859 406 889 nihil
429 858 632 898 dissimulans,
658 859 722 889 sine
741 858 867 889 fallaciis
883 862 912 888 et
931 856 1011 896 fuco,
1027 861 1062 886 ut

173 904 226 942 ait,
245 904 310 934 Att.
325 901 352 940 Ι,
373 905 399 931 1.

216 952 353 982 Αφελως,
378 945 567 985 simpliciter,
588 944 627 975 ad
643 944 709 976 Att.
725 944 787 984 VI,
811 948 838 976 1.
853 949 882 974 et
897 942 927 980 7.
943 941 982 974 ad
997 941 1060 981 Qu.

173 990 224 1020 Fr.
243 989 270 1026 I,
287 990 317 1018 2.

214 1030 516 1072 Assrlfulumfanmn,
533 1031 571 1061 ad
583 1031 652 1061 Att.
669 1029 768 1068 XIII,
785 1032 837 1062 29.

212 1074 398 1114 Apcm305w,
414 1076 582 1104 ambicione
597 1084 724 1110 vacans,
744 1074 782 1104 ad
798 1075 864 1104 Att.
877 1072 926 1108 II,
947 1073 995 1104 17.

214 1123 366 1157 Αφρακτα,
383 1128 473 1148 naves
489 1129 552 1148 non
567 1123 663 1152 tectae,
676 1119 727 1148 sed
739 1122 865 1157 aperite,
887 1115 925 1145 ad
937 1115 1006 1145 Att.
1015 1113 1057 1154 V,

175 1163 225 1193 ll·
242 1167 272 1191 et
285 1160 332 1189 12.
356 1160 400 1198 Χ,
423 1164 469 1191 ll.
486 1168 681 1201 opponuntur
695 1167 900 1197 καταζρακτα,
912 1168 980 1198 quae
989 1168 1061 1188 con-

174 1209 281 1235 strata>
298 1201 412 1233 Caesari
427 1209 582 1240 vocantur,
599 1203 636 1233 de
650 1203 741 1233 Bello
759 1202 858 1233 Civili.
883 1201 934 1232 De
949 1201 985 1231 iis
1001 1200 1062 1231 vid.

172 1247 283 1279 Scheff.
299 1246 337 1276 de
352 1247 400 1276 Re
416 1247 496 1276 Nav.
512 1257 542 1287 p.
563 1249 633 1276 130.

212 1294 356 1327 Λτωμιλη
363 1301 411 1324 σα,
439 1300 489 1319 me
512 1300 531 1319 a
557 1289 702 1320 colloauio
726 1287 878 1328 separavi,
913 1285 954 1318 ad
981 1285 1055 1317 Div.

174 1332 270 1370 XVI,
291 1332 339 1367 17.
630 1323 647 1342 ⁴³

213 1382 390 1418 Αχαριστια,
406 1376 550 1416 ingratus
565 1376 702 1410 animm,
719 1374 757 1404 ad
773 1373 842 1405 Att.
858 1372 920 1413 lx,
936 1372 968 1408 7.

603 1466 635 1492 Β.

214 1549 356 1585 Βαὲυτης,
375 1548 540 1589 prqf'unda
563 1548 774 1583 memmium,
799 1545 837 1575 ad
852 1545 917 1574 Att.
941 1543 1001 1582 IV,
1024 1544 1055 1575 6.

171 1590 226 1621 ubi
241 1600 270 1620 v.
288 1589 419 1622 casaub.
437 1591 479 1629 V,
504 1592 552 1621 10.
576 1590 637 1627 VI,
665 1594 689 1620 l.
713 1587 884 1622 Sallustius,
906 1587 982 1628 Jug.
1001 1588 1055 1624 95,

169 1634 192 1651 “
210 1632 403 1664 altitudinem
418 1634 531 1674 ingenii
542 1634 562 1647 ’'
575 1638 672 1670 vocat,
691 1643 760 1673 quae
779 1636 824 1661 est
844 1640 959 1669 eorum,
980 1639 1057 1671 quo-

164 1685 236 1706 rum
251 1675 374 1706 consilia
388 1687 451 1707 asse
474 1676 506 1706 ui
521 1686 581 1706 non
595 1685 766 1717 possumus,
779 1674 833 1714 qui
845 1672 932 1703 valde
946 1676 1055 1713 tegunt

161 1728 231 1750 suos
253 1728 367 1750 sensus.
391 1718 431 1750 V.
481 1720 587 1750 urneb.
604 1717 768 1749 Adversar.
795 1716 864 1754 111,
891 1718 939 1747 15.
958 1724 1050 1757 quem
