1122 1868
155 114 214 145 150
365 110 514 144 INDEX
539 111 823 144 HISTORICUS.

193 199 318 234 Astarte,
338 198 379 230 N.
396 197 437 229 D.
455 196 521 238 ΙΙΙ,
543 200 595 230 23.
622 197 726 229 Venus
745 197 843 239 syria,
865 208 934 240 quae
949 197 1036 229 Ado-

152 242 217 273 nidi
233 242 344 283 nupsit.

196 286 325 320 Asteria,
345 284 419 315 Nat.
443 284 486 315 D.
506 283 571 323 111,
588 285 640 315 26.
664 284 790 315 Latonae
805 294 897 322 soror,
914 294 952 314 ex
974 283 1038 324 qua

156 328 306 359 Hercules
319 328 442 368 Tyrius.

197 372 349 410 Astyages.
375 370 424 400 De
439 370 511 401 Div.
536 369 564 407 Ι,
588 373 639 400 49.
661 380 695 400 eo
717 376 861 410 regnante
881 380 950 411 quae
971 368 1043 399 solis

154 413 281 444 defectio
296 413 375 443 facta
389 418 444 450 est,
461 423 527 442 eam
543 413 684 453 praedixit
698 413 817 443 Thales.

199 457 357 496 Astyanax,
375 455 439 485 Att.
457 455 516 492 IV,
537 459 584 486 15.
604 455 764 494 tragaedus.

200 500 232 529 G.
255 500 352 529 Ateius
367 498 486 538 Capito,
503 497 540 528 de
556 498 627 527 Div.
648 497 675 534 1,
695 500 741 528 16.
763 498 907 529 Crassum
923 497 954 527 in
969 507 1043 538 pro-

157 542 287 572 vinciam
302 543 463 571 abeuntem
479 540 550 570 diris
564 541 774 581 prosequitur3
792 546 821 570 et
835 546 993 581 propterea
1003 540 1043 569 ab

158 584 264 626 Appio
276 594 405 620 censore
419 590 579 631 tamquam
589 584 750 614 ementitus
759 583 902 624 auspicia,
916 582 1046 612 subscri-

158 628 249 659 bitur.
281 627 422 667 Origines
443 625 670 656 inimicitiarum
688 626 753 666 lege
771 636 820 666 ap.
842 625 935 656 Dion.
962 624 1046 655 Cass.

160 670 327 707 XXXIX,
343 680 373 710 p.
395 671 463 699 105.

206 713 238 742 C.
258 713 361 743 Ateius
374 710 565 751 Plaguleius,
581 710 620 741 ad
632 710 700 740 Att.
718 710 762 749 X,
779 711 809 741 8.
827 720 1045 742 commemora-

162 761 213 787 tur
228 755 305 786 inter
317 754 502 785 Caesarianos
515 754 667 784 Ciceronis
682 753 829 784 inimicos.

205 797 242 828 L.
261 799 374 834 Ateius,
390 797 429 828 L.
446 797 483 827 F.
501 796 656 834 Aniensis,
674 796 794 836 Capito.
806 797 846 827 ad
861 796 932 827 Div.
948 795 1046 835 VIII,

161 845 193 874 8.
216 841 335 872 videtur
349 839 430 870 idem
446 849 508 870 esse
522 839 560 869 ad
576 839 617 877 Q.
631 840 682 869 Fr.
699 838 745 876 ΙΙ,
766 843 814 870 10.

201 884 354 921 Athamas,
373 883 451 912 Har.
473 883 567 923 Resp.
587 886 634 913 18.
650 882 781 912 furiosus
795 887 864 924 post
877 882 1042 914 matricidi-

160 936 215 958 um
229 926 337 957 factus.
361 925 455 956 Tusc.
474 924 539 962 ΙΙΙ,
557 928 586 956 6.
609 925 749 955 furiosus.

206 970 357 1008 Athamas,
373 969 435 1000 Pis.
454 969 506 1000 36.
524 968 657 1007 saltator,
674 967 713 998 L.
723 967 845 998 Pisonis
859 967 890 998 in
903 967 1050 999 Macedo-

161 1012 214 1044 nia
229 1022 338 1043 comes.

206 1056 353 1090 Athamas,
369 1054 463 1085 Attio.
482 1053 563 1093 XII,
584 1056 632 1084 10.
647 1063 758 1084 servus.

207 1098 377 1134 Athenaeus,
398 1097 437 1129 ad
461 1097 535 1128 Div.
559 1096 636 1134 XV,
663 1097 692 1127 4.
713 1096 795 1138 apud
811 1097 1048 1129 Ariobarzanem

184 1141 321 1172 ratiosus.

162 1152 182 1183 g
206 1183 361 1217 Athena'is,
376 1182 415 1213 ad
435 1181 507 1213 Div.
524 1181 601 1220 XV,
623 1181 653 1212 4.
670 1190 781 1212 nornen
795 1181 928 1222 feminae,
944 1183 1048 1215 uxoris

164 1232 217 1258 aut
231 1225 337 1256 matris
351 1224 576 1256 Ariobarzanis.

207 1270 417 1309 Athenagoras,
434 1268 589 1308 Cymaeus,
606 1267 706 1298 Flacc.
721 1267 752 1303 7.

206 1312 342 1349 Athenio,
359 1290 446 1341 Vei-r.
467 1310 532 1348 ΙΙΙ,
558 1313 610 1341 54.
634 1311 770 1351 Harusp.
794 1310 888 1351 Resp.
914 1314 962 1342 12.
983 1311 1047 1342 dux

161 1354 370 1396 fugitivorum,
386 1359 415 1384 et
437 1353 609 1385 Siculorum
631 1352 684 1393 qui
698 1362 768 1383 cum
780 1353 915 1392 fugitivis
933 1365 964 1385 se
981 1364 1053 1385 con-

162 1399 337 1437 junxerant.
363 1396 446 1426 Hinc
461 1396 555 1427 Attic.
571 1396 618 1433 ΙΙ,
641 1400 688 1426 12.
711 1396 844 1426 Athenio
855 1396 964 1427 dicitur
979 1398 1050 1428 Sex.

164 1440 301 1477 Clodius,
319 1439 391 1478 quia
413 1439 471 1469 fuit
489 1439 552 1468 dux
568 1448 721 1469 servorum
737 1439 846 1468 Romae
861 1440 1052 1470 tumultuan-

164 1483 255 1520 tium,
272 1488 307 1512 ut
322 1481 456 1512 Athenio
470 1481 688 1523 fugitivorum:
712 1481 847 1522 itemque
862 1481 993 1522 Siculus,
1016 1490 1052 1514 ut

165 1525 310 1556 Athenio.

215 1567 419 1598 Athenodorus
435 1566 559 1605 Calvus,
574 1566 642 1597 Att.
659 1565 754 1604 XVI,
776 1571 822 1598 ll.
845 1571 893 1599 14.

212 1610 424 1646 Athenodorus,
450 1610 619 1647 Tarsensis,
642 1610 790 1641 Sandonis
810 1610 902 1649 filius,
924 1609 963 1641 ad
978 1610 1051 1642 Div.

167 1652 234 1691 ΙΙΙ,
255 1663 302 1693 ep.
316 1653 346 1688 7.
380 1652 597 1693 Philosophus,
619 1652 761 1693 (Caesaris
780 1652 900 1684 Octavii
919 1664 1052 1695 praecep-

168 1702 239 1732 tor.)
262 1695 391 1726 Videtur
406 1695 443 1725 de
458 1696 613 1725 nobilitate
631 1695 790 1735 scripsisse.
813 1695 863 1727 De
878 1707 912 1727 eo
926 1697 1050 1727 Sueton.

168 1738 277 1772 Claud.
294 1739 323 1769 4.
349 1737 466 1769 Fabric.
485 1738 516 1769 in
537 1738 636 1769 Catal.
651 1739 742 1770 storo.
763 1740 803 1770 Β.
814 1739 853 1770 G.
871 1739 923 1772 lib.
947 1738 1008 1775 111,
1026 1749 1052 1771 c.
