1137 1848
327 48 476 81 INDEX
500 49 783 83 HISTORICUS.
924 51 984 81 301

104 136 227 169 consule
243 134 397 176 Caepione,
413 135 482 172 fert,
493 141 528 165 ut
543 135 580 166 de
594 135 720 167 Tubulo
734 142 896 177 quaeratur.
919 137 987 167 Att.

103 181 186 215 XII.
204 182 233 209 5.
247 179 358 219 quibus
368 188 440 208 coss.
453 178 593 208 tribunus
608 179 708 209 fuerit.
733 180 848 209 Praetor
858 179 928 217 fuit,
946 181 984 210 P.

106 223 199 254 Furio
223 228 252 252 et
273 223 356 252 Sext.
374 221 470 251 Atilio
493 231 567 251 coss.
594 221 688 251 Dom.
705 223 756 252 53.
783 223 918 263 pontifex
936 223 984 252 M.

102 267 192 297 Brut.
210 266 260 295 28.
277 270 382 294 acutus
398 270 427 294 et
441 264 577 304 copiosus
590 270 696 294 orator.
721 266 809 295 Verr.
821 265 863 301 V.
881 267 931 296 49.
946 266 984 295 L.

103 308 262 349 Calpurnii
277 307 390 347 collega
406 307 436 336 in
449 307 606 337 consulatu
622 308 663 337 A.
677 308 716 338 U.
728 309 800 338 (520.
825 308 919 338 Dom.
931 309 984 338 34.

100 352 217 391 segnior
232 350 263 380 in
276 360 308 380 re
328 350 413 390 publ.
434 349 564 389 gerenda
579 356 712 390 putatur.
735 351 854 381 Nasicae
869 351 984 381 factum

100 394 184 426 SCto
199 395 315 434 probat.
339 392 387 422 Cf.
410 393 518 422 Plane.
534 393 585 422 36.
611 393 665 423 Or.
684 392 712 431 I,
737 395 787 424 49.
804 396 856 423 50.
869 394 984 434 optime

98 438 162 479 pila
182 444 211 467 et
230 435 389 466 duodecim
412 435 528 475 scriptis
545 435 626 465 lusit.
662 436 820 466 Laudatur
840 443 984 477 praeterea

99 480 162 511 Off.
190 478 235 516 ΙΙ,
264 479 312 508 13.
334 482 403 508 Att.
420 478 502 514 XII,
524 482 556 508 4.
590 478 653 508 Nat
680 479 723 509 D.
748 480 814 516 ΙΙΙ,
831 485 860 510 2.
886 479 981 508 Doni.

101 527 152 554 53.
174 522 281 563 Topic.
303 524 332 550 4.
349 522 378 551 8.
395 521 433 551 ad
449 521 521 551 Div.
539 520 617 558 VII,
639 523 685 552 10.
708 523 759 551 ⁶21.
778 523 834 552 &c-
860 523 921 552 Hic
937 528 982 552 est

98 567 135 603 is,
148 565 213 607 qui,
229 571 264 595 ut
280 564 467 604 Pomponius
479 563 529 598 ait,
540 564 656 604 primus
666 565 717 603 jus
733 565 818 595 civile
829 565 980 602 fundavit,

99 610 153 650 qui
168 608 285 649 primus
304 607 382 637 hanc
397 606 551 637 scientiam
564 607 594 636 in
610 608 759 637 familiam
778 608 917 638 Muciam
934 608 981 637 in-

99 652 179 682 tulit.
203 650 291 680 Duos
307 650 411 680 fratres
430 650 548 686 habuit,
567 649 641 680 item
656 650 678 680 J
682 650 765 687 Ctos,
783 651 818 680 P.
836 651 980 681 Crassum

100 694 296 729 Mucianum,
314 692 369 723 Or.
388 692 416 729 I,
433 693 484 724 37.
512 693 601 722 Brut.
618 694 668 723 26.
693 699 721 723 et
745 694 783 731 Q.
810 703 956 734 augurem
968 705 977 723 z

97 738 149 768 sed
162 738 243 767 hunc
255 742 374 765 tantum
390 735 576 775 patruelem:
602 736 683 776 quod
699 736 862 766 tenendum
879 743 922 766 est
936 737 981 766 le-

97 781 237 820 ²<gentibus
261 785 363 808 notam
381 778 494 808 Graevii
514 778 551 808 ad
568 778 657 809 Offic.
678 779 725 815 II,
746 782 793 810 13,
820 779 925 818 Hujus
942 779 978 809 P.

96 824 138 854 fil.
155 823 196 860 Q.
214 822 296 852 Asiae
312 821 483 861 proconsul,
500 821 589 851 etiam
607 822 707 852 JCtus
719 821 787 852 fuit.
811 821 862 852 De
872 832 977 852 eorum

92 863 330 906 jurisprudentia
345 870 374 894 et
400 863 593 904 opinionibus
616 871 714 895 exstat
728 864 875 895 Balduini
890 865 978 895 libel-

94 910 142 939 lus
158 908 194 939 de
221 908 307 938 Juris
333 907 427 936 Prud.
453 905 610 936 Muciana.
638 907 729 944 Vide,
754 907 791 938 de
813 907 861 945 iis,
885 907 977 938 etiam

94 952 243 992 Pompon.
261 950 348 990 Orig.
364 950 434 979 Jur.
452 950 470 989 ἓ
486 950 537 979 39.
554 950 605 979 41.
621 956 649 980 et
663 951 706 980 ibi
721 951 805 991 Rup.

137 994 175 1024 P.
191 995 330 1029 Mucius,
345 992 379 1021 P.
394 993 430 1022 F.
444 992 483 1029 Q.
498 993 541 1022 N.
556 993 592 1022 Ρ.
606 993 698 1023 Pron.
717 993 807 1023 Brut.
820 993 871 1023 56.
886 993 977 1024 frater

93 1038 129 1067 P.
158 1036 276 1068 Crassi:
302 1036 367 1074 ejus
388 1034 467 1065 libri.
498 1035 556 1065 Est
583 1035 619 1065 P.
647 1035 773 1067 Crassus
795 1035 974 1073 Mucianus,

90 1081 128 1111 de
144 1091 204 1122 quo
219 1090 323 1121 supra,
340 1078 431 1109 frater
447 1078 483 1108 P.
500 1078 600 1109 Mucii
614 1079 771 1110 naturalis.
795 1079 867 1110 Vid.
885 1079 976 1109 Brut.

132 1167 168 1202 Q.
183 1167 326 1202 Mucius,
344 1165 426 1195 Sext.
444 1165 495 1194 21.
515 1166 596 1196 solus
610 1165 642 1195 in
658 1172 754 1196 castra
765 1165 906 1195 Porsenae
923 1174 974 1196 ve-

87 1209 144 1247 nit,
158 1219 289 1250 eumque
304 1208 468 1239 interficere
484 1215 617 1238 conatur.

133 1253 168 1287 Q.
186 1253 325 1288 Mucius,
336 1251 378 1289 Q.
391 1251 426 1280 F.
438 1249 479 1287 Q.
489 1250 530 1280 N.
543 1252 578 1281 P.
594 1252 686 1281 Pron.
696 1251 785 1281 Brut.
799 1250 851 1280 26.
864 1260 972 1291 augur.

87 1295 125 1326 de
148 1294 321 1336 repetundis
336 1299 439 1323 contra
454 1294 495 1323 T.
508 1293 677 1324 Albucium
695 1294 783 1324 dixit.
801 1293 926 1323 Amicit.
946 1298 971 1325 1.

88 1348 179 1379 gener
196 1337 291 1367 Laelii.
307 1336 361 1366 Ad
377 1345 447 1366 eum
464 1346 566 1367 senem
582 1337 741 1367 deducitur
765 1335 870 1367 Cicero
884 1346 972 1376 puer,

88 1381 142 1421 qui
162 1390 321 1421 nunquam
347 1380 384 1409 ab
409 1380 474 1418 ejus
494 1380 586 1409 latere
606 1379 747 1410 discessit.
777 1379 893 1409 Consul
914 1378 974 1409 fuit

88 1424 130 1454 A.
144 1425 217 1454 636.
241 1423 330 1453 Balb.
349 1422 398 1452 19.
417 1422 454 1451 de
472 1423 540 1460 jure
555 1422 745 1462 praediatorio
765 1431 826 1451 non
850 1431 974 1462 respon-

88 1467 148 1497 det.
173 1466 254 1496 Phil.
278 1464 376 1501 VIII,
401 1465 449 1494 10.
473 1465 553 1494 bello
576 1465 718 1499 Marsico,
735 1464 822 1494 valde
837 1474 927 1494 senex
943 1470 973 1494 et

87 1509 237 1546 infirmus,
251 1514 352 1538 tamen
363 1507 508 1548 quotidie,
522 1507 613 1537 simul
623 1513 714 1548 atque
724 1508 847 1545 luceret,
865 1516 974 1538 conve-

85 1552 143 1582 niri
158 1558 284 1592 poterat,
302 1557 331 1581 et
345 1550 461 1591 primus
476 1549 507 1579 in
523 1550 607 1580 curii.
622 1556 694 1580 erat.

132 1596 169 1630 Q.
187 1595 326 1631 Mucius,
340 1594 375 1623 P.
394 1593 429 1622 F.
444 1593 479 1622 P.
498 1592 539 1622 N.
556 1594 613 1623 ἃς.
632 1592 721 1623 offic.
747 1591 774 1629 Ι,
792 1593 843 1622 31.
860 1591 890 1621 in
903 1592 972 1631 jure

87 1637 167 1667 civili
195 1637 347 1668 excelluit.
374 1636 421 1671 ΙΙ,
450 1636 498 1665 16.
533 1636 673 1666 omnium
704 1635 973 1672 moderatissimus,

89 1690 159 1710 cum
176 1679 213 1710 L.
229 1681 338 1711 Crasso
353 1678 494 1710 aedilitate
509 1678 632 1710 functus
650 1684 704 1715 est,
724 1684 754 1708 et
768 1678 893 1719 reliquis
907 1687 974 1708 rna-

128 1724 171 1757 (C
173 1724 274 1760 lavis.)
698 1725 718 1752 2
734 1729 758 1751 D
