1122 1868
166 88 228 119 400
378 90 526 121 INDEX
554 91 839 123 HISTORICUS.

221 174 370 213 Valerius,
388 175 453 205 Att.
470 176 498 213 Ι,
520 179 567 207 12.
583 177 728 218 interpres
739 177 777 208 C.
792 176 919 207 Antonii
934 177 965 207 in
982 176 1055 209 Ma-

169 215 305 255 cedonia,
322 218 379 248 nisi
400 218 477 248 forte
496 219 606 250 Rornae
629 220 659 249 in
680 220 746 260 ipso
761 225 878 256 senatu,
895 220 977 261 quod
992 220 1052 251 Ca-

169 261 304 290 saubono
319 261 464 301 placebat.
486 261 600 292 Putant
614 263 739 304 quidam
755 273 818 293 esse
839 272 921 301 eum,
937 262 975 293 de
990 273 1051 304 quo

167 303 207 333 ad
225 303 296 333 Div.
313 303 411 341 XIV,
429 308 468 333 2:
493 304 530 334 de
545 315 606 346 quo
621 305 735 335 dubito.

215 346 243 376 C
277 347 414 377 Valerius
430 348 578 386 Flaccus,
601 349 690 378 Balb.
708 351 758 378 24.
780 354 889 390 praetor
904 349 1049 387 urbanus,

170 388 211 418 A.
231 389 303 419 655.

211 433 257 462 D.
281 434 421 463 Valerius
448 435 595 471 Soranus,
622 434 710 463 Brut.
736 435 787 464 46.
811 434 916 475 doctus
937 434 1052 465 Graecis

168 474 261 505 literis
276 481 305 505 et
318 475 453 505 Latinis:
480 476 636 506 familiaris
653 476 814 507 Ciceronis.

212 517 249 548 L.
273 520 409 548 Valerius
425 520 571 556 Flaccus,
592 519 674 549 Phil.
697 519 760 555 XI,
783 521 812 549 8.
831 519 941 549 flamen
964 519 1052 549 Mar-

165 559 254 591 tialis.
278 562 403 591 Bellum
427 562 504 601 gerit
529 572 599 591 cum
616 562 797 600 Aristonico,
816 561 928 592 frustra
949 569 1052 592 contra

165 603 281 634 nitente
306 604 433 644 collegii,
465 604 502 634 Ρ.
529 604 647 634 Licinio
673 603 790 634 Crasso.
826 603 866 634 V.
894 605 932 635 L.
955 607 1052 636 Flac-

163 656 228 677 cus.

209 690 250 719 L.
275 689 405 720 Valerius
422 689 556 727 Flaccus,
580 700 635 730 pro
650 689 755 719 Rabir.
777 689 865 720 Perd.
886 689 916 724 7.
934 691 1049 731 collega

164 731 201 762 C.
219 732 324 771 Marii,
345 743 431 763 arma
454 732 534 773 capit
558 738 661 762 contra
685 733 894 763 Saturninum.
916 732 989 763 Vid.
1011 733 1049 763 L.

164 774 194 804 F
194 776 298 805 [arcus.

207 817 244 847 L.
264 817 395 848 Valerius
410 819 545 856 Flaccus,
561 817 667 848 Pison.
678 818 728 847 23.
745 817 860 857 legatus
876 818 914 848 L.
928 818 1048 850 Pisonis

163 859 195 889 in
225 860 418 900 Macedonia,
446 861 483 900 is,
507 861 561 902 qui
586 867 706 901 praetor,
728 860 873 892 Cicerone
895 871 953 891 cos.
977 862 1048 892 fuit.

162 902 236 933 Vid-
255 905 293 933 L.
312 904 447 935 Flaccus.

206 946 243 976 L.
264 946 394 977 Valerius
411 947 535 982 Potitus,
551 947 640 977 Brut.
662 949 709 977 14.
723 947 842 987 legibus
854 952 883 977 et
894 947 1044 978 concioni-

160 989 217 1018 bus
241 990 391 1030 populum
417 996 484 1031 post
508 990 737 1020 decemviralem
761 989 907 1020 invidiam
935 991 1046 1031 placat.

160 1030 210 1061 De
226 1031 282 1062 hoc
295 1033 418 1062 Valerio
433 1043 460 1062 v.
483 1033 549 1063 Liv.
565 1032 629 1067 ΙΙΙ,
646 1034 698 1068 39,
717 1033 768 1070 49,
781 1035 831 1062 55.

203 1073 240 1103 L.
261 1075 401 1111 Valmins„
419 1076 456 1105 ad
470 1075 542 1105 Div.
556 1074 583 1113 Ι,
604 1077 650 1105 10.
677 1074 740 1113 ΙΙΙ,
761 1079 784 1106 Ι.
805 1075 946 1113 V11‚ll.
963 1075 1044 1117 XII,

158 1116 189 1153 7.
213 1117 313 1148 JCtus
329 1118 495 1148 mediocrie.

202 1161 255 1190 M’
268 1161 408 1198 Valerius,
422 1161 511 1191 Brut.
525 1163 572 1190 14.
589 1161 723 1191 dictator.
737 1162 890 1201 Populum
900 1161 931 1191 in
941 1168 1046 1193 monte

157 1203 249 1233 Sacro
264 1203 397 1239 sedavit3
422 1203 553 1245 indeque
574 1204 735 1235 Maximus
755 1204 852 1234 dictus
871 1210 925 1240 est,
948 1205 1045 1246 (quod

156 1255 268 1276 nomen
283 1246 408 1276 familiae
420 1246 519 1284 haesit)
536 1247 575 1276 A.
592 1247 632 1276 U.
650 1250 723 1278 259.
747 1247 798 1277 Ad
813 1247 844 1276 h.
861 1256 931 1277 ann.
948 1258 977 1279 v.
996 1247 1044 1279 Si-

155 1289 293 1329 gonium.
324 1289 361 1318 ln
377 1289 507 1329 vulgatis
523 1290 602 1320 male
617 1296 661 1319 est
671 1291 723 1320 M.

200 1332 248 1361 M.
271 1332 414 1370 Valerius,
440 1332 489 1362 M.
514 1333 551 1362 F.
579 1332 702 1369 Corvus,
724 1333 795 1363 Div.
816 1331 844 1370 Ι,
864 1334 915 1363 24.
938 1334 1044 1364 consul

155 1384 226 1404 cum
243 1374 326 1404 Aulo
344 1374 485 1405 Cornelio
500 1375 592 1405 Cosso
607 1375 637 1404 in
654 1376 733 1405 bello
753 1376 928 1413 Samnitico,
946 1376 985 1406 A.
1001 1377 1042 1407 U.

154 1417 239 1452 4103
257 1418 310 1458 qui
321 1417 425 1447 tertius
442 1419 505 1456 ejus
518 1419 691 1448 consulatus
705 1418 783 1454 fuit3
801 1429 872 1448 nam
882 1419 1043 1460 quinquies

154 1460 259 1489 consul
274 1460 343 1495 fuit„
357 1460 403 1490 bis
419 1460 556 1499 dictator,
574 1462 666 1491 semel
682 1471 797 1499 censor,
810 1462 906 1491 sexies
919 1468 1041 1502 praetor‚

153 1509 261 1542 quater
285 1503 389 1533 aedilis.
425 1503 517 1533 Corvi
542 1513 652 1533 nomen
680 1504 796 1544 primus
822 1504 911 1534 tulit:
935 1504 1041 1535 unde?

152 1545 295 1575 omnibus
311 1552 417 1575 notum
431 1552 483 1575 est.
508 1546 580 1576 Vid.
597 1546 666 1576 Liv.
686 1547 712 1577 V
718 1546 762 1583 ΙΙ,
780 1550 834 1577 26.

196 1589 237 1617 P.
267 1588 397 1617 Valerius
424 1589 588 1626 Publicola,
611 1590 685 1629 Leg.
709 1588 755 1625 ΙΙ,
776 1593 827 1620 23.
846 1589 877 1619 in
894 1589 979 1620 [ere
993 1599 1039 1620 se-

150 1629 275 1670 pultus;
300 1630 392 1670 idque
415 1632 526 1671 posteri
542 1637 713 1662 tenuerunt.
746 1632 986 1673 Harusp.Resp.
1006 1634 1036 1663 8.

149 1682 204 1712 pro
216 1673 333 1712 meritis·
344 1673 374 1702 in
391 1684 486 1714 remp.
499 1674 626 1704 domum
641 1674 672 1703 in
688 1675 808 1715 publica
826 1674 898 1704 villa
913 1675 1036 1716 accepit.

146 1714 311 1752 Quomodo
326 1715 380 1748 viri
393 1716 471 1746 docti
484 1718 585 1753 verba.
599 1719 622 1734 “
638 1716 669 1746 in
679 1717 802 1757 publica
818 1717 925 1755 vina?
937 1717 1035 1748 tenta-

145 1757 217 1795 rint,
233 1757 351 1788 docebit
367 1758 515 1797 Graevius,
533 1759 571 1789 ad
581 1759 610 1790 h.
626 1760 647 1790 l.
