1122 1868
134 91 197 120 210
347 91 496 122 INDEX
520 91 804 124 HISTORICUS.

172 176 310 213 Βεῖἷιιις,
327 176 394 207 Att.
412 177 509 213 VIII
530 182 577 208 12.
602 179 701 219 Pomp
704 179 740 208 eii
764 178 941 215 familiarisz
959 180 1017 210 nisi

127 218 215 255 forte,
232 226 267 250 ut
287 220 414 258 videtur,
439 232 508 251 cum
526 221 646 251 Graevio
671 221 846 261 legendum,
870 223 1016 253 1).chae-

127 262 197 291 Iz’us.
230 263 311 293 Nam
329 262 450 294 Dellius
472 264 530 293 fuit
547 254 748 299 Caesarianiis
772 270 841 304 post
862 266 1016 295 Antonia-

125 312 203 340 nus·
221 304 262 334 D.
276 306 399 343 Laelius,
415 307 639 347 Pompeianus;
655 307 693 336 de
710 307 896 347 Pompeiano
911 314 1014 338 autem

128 357 226 377 sermo
241 354 293 378 est.

170 392 336 427 Denzmle.v‚
365 392 452 421 Brut.
470 394 499 421 9.
532 392 587 423 Or.
612 395 664 421 26.
685 398 784 422 orator
806 390 1010 430 Atheniensis,

125 432 341 464 Demosthenis
353 435 549 474 temporibus,
566 441 674 475 przrter
687 442 808 465 caeteros
821 435 937 465 Atticos
947 446 1014 466 ora-

125 480 203 505 tores
218 476 351 507 facetus:
378 478 462 506 nulla
477 478 586 518 scripta
601 477 732 517 reliquit.

170 519 370 555 Demaratus,
387 520 479 549 'ruse
497 521 539 556 V,
557 521 607 549 38.
624 526 709 560 pater
724 519 887 560 Tarquinii
904 520 1010 558 Prisci,

124 560 273 591 Corintho
288 562 366 602 fugit
381 563 576 600 Tarquinios.

166 605 300 639 Demea,
317 606 385 635 Att.
403 604 504 640 XIII,
522 607 573 634 30.
592 615 704 635 servus.

166 648 357 683 Demetrius.
374 649 442 678 Att.
467 648 528 684 IV,
551 652 597 678 11.
624 647 725 677 liberti
749 656 880 677 nomen:
905 648 956 678 sed
972 649 1010 678 ad

123 688 195 719 Div.
212 690 308 725 XVI,
331 693 376 720 17.
393 696 422 720 et
438 694 488 719 22.
512 690 604 720 homo
627 690 804 730 improbus:
829 700 933 721 servus
958 691 1011 722 Ci-

122 733 245 762 ceronis.
263 733 301 762 ad
314 732 388 763 Div.
406 732 505 769 VIII,
524 735 574 763 15.
592 734 648 763 &c.

162 776 342 805 Demetrius
356 776 547 814 Poliorcetes,
561 776 624 806 Off.
637 774 683 811 ΙΙ,
697 775 726 810 7.
741 785 812 805 eum
827 775 1010 807 Macedones

120 817 318 857 reliquerunt,
330 824 359 848 et
374 830 405 848 se
420 829 524 849 omnes
539 819 577 848 ad
594 818 747 858 Pyrrhum
764 819 965 848 contulerunt.

162 862 339 891 Demetrius
356 863 500 901 AIagnes,
516 862 584 891 Att.
602 861 663 897 IV,
685 864 732 890 ll.
749 860 848 896 VIII,
866 864 913 890 ll.
931 861 1008 892 liber

120 904 185 941 ejus
201 909 268 933 Πεςι
280 905 436 942 Ὁμονοιας.
451 904 593 945 AEqualis
606 903 769 938 Ciceronis,
781 910 811 934 et
820 904 936 934 amicus
948 905 1010 934 At-

123 946 183 975 tici.
218 946 312 976 Hune
335 947 448 977 librum
474 957 544 978 cave
565 946 732 977 confundas
748 956 817 976 cum
834 946 927 976 altero
944 946 1009 977 De-

118 989 218 1018 metrii
242 989 397 1029 Magnetis
416 995 482 1029 Περι
498 990 682 1026 Ὁμωνυαων,
699 989 785 1027 cujus
801 999 880 1029 saepe
894 990 1008 1019 mentio

117 1042 167 1072 ap.
181 1032 352 1069 La‘ertium,
370 1043 397 1062 v.
414 1042 439 1062 c.
459 1032 484 1070 1,
498 1033 549 1061 38.
566 1031 619 1061 ubi
631 1031 691 1061 vid.
709 1031 835 1071 Menag.

160 1075 335 1104 Demetrius
365 1076 484 1114 sslegas,
506 1075 545 1104 ad
572 1074 645 1104 Div.
670 1073 769 1111 XIII,
788 1075 840 1104 36.
874 1074 1004 1105 Siculus.

116 1117 146 1147 V
149 1117 190 1146 id.
211 1118 243 1147 Ρ.
260 1119 427 1148 cornelius.

166 1160 338 1190 Demetrius
362 1161 532 1193 Phalereus,
559 1159 766 1189 Atheniensis.
800 1159 855 1189 ΒΥ.
877 1161 907 1190 9.
933 1159 1002 1189 Fin.

115 1202 158 1239 V,
176 1204 206 1233 9.
230 1203 434 1243 Theophrasti
455 1202 631 1242 discipulus.
655 1202 711 1232 Or.
729 1201 775 1237 ΙΙ,
795 1203 847 1231 23.
863 1202 1002 1232 omnium

113 1250 267 1275 oratorum
286 1246 493 1286 politissimus.
529 1244 586 1275 Or.
611 1247 662 1276 27.
686 1244 718 1274 in
739 1244 881 1274 mediocri
896 1254 1004 1285 genere

113 1287 251 1328 princeps
268 1288 403 1318 Graeciae.
428 1288 489 1318 Off.
506 1287 533 1325 Ι,
555 1290 580 1317 1.
599 1287 766 1327 disputator
781 1287 912 1324 subtilis,
936 1297 1003 1317 ora-

113 1335 161 1359 tor
185 1341 293 1370 parum
318 1331 490 1366 vehemens.
511 1329 564 1360 sed
587 1330 693 1359 dulcis.
728 1330 803 1370 Leg.
820 1328 885 1365 ΙΙΙ,
908 1330 937 1359 6.
964 1329 1002 1360 de

113 1382 176 1411 rep.
193 1379 221 1402 et
242 1373 359 1413 legibus
387 1373 512 1414 scripsit.
548 1372 618 1402 Fin.
645 1373 687 1408 V
707 1375 756 1402 19.
778 1372 876 1412 patria
896 1372 1002 1420 pulsus

113 1414 151 1443 ad
169 1415 369 1446 Ptolemaeum
385 1427 415 1446 se
431 1416 554 1446 confert.
579 1415 614 1445 M
618 1415 700 1444 ulta
693 1425 724 1444 111
735 1415 795 1444 otio
811 1414 935 1454 scripsit.
959 1415 1000 1444 R.

115 1457 253 1487 Postum.
270 1460 300 1488 9.
316 1458 348 1488 in
372 1459 520 1500 AEgypt0‚
546 1457 650 1498 aspide
673 1457 712 1487 ad
738 1467 846 1497 corpus
865 1457 1000 1495 admota,

116 1505 239 1529 necatus
255 1507 308 1530 est.

155 1543 347 1579 Denmrius.
365 1545 470 1583 Syrus,
485 1544 573 1574 Brut.
586 1548 620 1575 91
630 1566 636 1573 .
648 1553 707 1574 11011
723 1542 864 1584 ignobilis
879 1541 998 1572 dicendi

114 1584 268 1623 magister.¹
286 1596 346 1626 quo
363 1585 469 1617 Cicero
484 1587 616 1617 Athenis
630 1597 703 1616 usus
719 1591 771 1616 est.

156 1627 376 1665 Demochares,
404 1629 459 1659 Or.
492 1628 538 1665 ΙΙ,
569 1632 620 1659 23.
658 1629 767 1659 Orator
788 1627 996 1663 Atheniensis,

114 1668 194 1699 filius
213 1671 319 1701 sororis
335 1671 558 1701 Demosthenis.
592 1673 709 1701 Genere
735 1669 852 1700 dicendi
866 1669 951 1699 molli
967 1676 998 1699 et

111 1712 279 1743 remissiore
294 1724 365 1744 usus
380 1719 433 1744 est.
466 1715 555 1744 Brut.
572 1716 623 1744 83.
644 1713 760 1754 scripsit
781 1712 927 1742 orationes
941 1711 997 1741 ali-

110 1760 197 1795 quot,
214 1761 242 1786 et
257 1767 362 1787 earum
381 1767 482 1788 rerum
504 1756 672 1796 historiam,
688 1767 757 1797 quae
777 1755 838 1786 suis
853 1754 996 1796 tempori-
