1122 1868
103 44 165 74 358
318 43 467 75 INDEX
493 43 780 76 HISTORICUS.

101 130 139 160 de
154 131 215 170 qua
231 141 261 162 v.
281 131 363 160 Plin.
377 130 421 161 H.
438 130 480 161 N.
501 130 666 169 XXXVI,
685 130 734 161 15.
755 129 808 161 ubi
828 130 986 172 privignus

102 173 197 204 Sullae
220 180 352 204 vocatur.
385 173 470 203 Nam
495 174 581 204 Sulla
604 173 693 203 duxit
718 173 843 203 viduam
867 173 986 211 Scauri,

102 216 245 257 principis
266 218 397 254 senatus,
414 216 586 253 Metellam,
601 223 637 246 ut
651 223 754 247 auctor
769 222 813 246 est
833 216 990 246 Plutarch.

102 259 135 288 in
165 259 271 295 Sulla3
295 270 388 300 quam
411 259 594 300 proscriptio·
588 269 664 289 ium
690 259 842 289 sectricem
868 258 989 289 Plinius

102 302 253 342 appellat.
280 302 360 332 unde
379 302 451 332 huic
471 304 583 333 Scauro
599 302 660 332 iflae
680 308 772 332 tantae
791 301 913 332 divitiae.
937 298 987 332 Cf.

102 355 149 385 pr.
166 346 249 375 Sext.
266 347 317 376 54.
333 351 362 376 et
377 345 469 385 Pigh.
491 345 529 375 ad
554 346 598 375 A.
617 345 658 375 U.
682 346 755 375 095.
776 345 860 375 Sext.
881 345 932 379 47.
949 344 989 374 ad

103 398 175 418 eum
191 395 348 428 praetorem
368 398 457 418 causa
473 389 509 418 P.
528 388 624 419 Sextii
639 394 704 418 acta
719 394 771 418 est.
790 387 879 418 Offic.
896 386 924 424 I,
937 389 990 418 39.

105 429 164 461 Cn.
179 431 299 462 Octavii
321 431 447 461 domum
470 431 642 469 demolitus,
667 431 694 461 ei
716 431 914 461 accessionem
935 430 988 460 ad-

99 474 212 514 jungit.
236 475 405 515 Repulsam
420 474 451 503 in
467 474 640 504 consulatus
655 474 798 514 petitione
814 473 893 503 tuh't.
917 472 986 503 Att.

103 516 165 553 IV,
186 519 232 547 15.
246 517 283 547 de
298 517 471 558 repetundis
483 523 638 547 accusatus
653 526 669 546 e
683 515 814 556 praetura
828 516 987 553 Sardiniae,

102 571 121 590 a
133 560 275 590 Cicerone
286 559 467 590 defenditur.
481 560 522 591 V.
532 559 608 599 frag.
621 559 678 590 Or.
690 569 736 600 pr.
750 560 874 598 Scauro,
887 565 916 589 et
926 559 990 589 As-

101 612 167 633 con.
184 604 315 642 Argum.

144 647 197 675 M.
211 648 361 683 Scaurus,
374 655 411 674 ex
426 645 571 675 Aureliis.
584 645 625 675 V.
641 644 673 674 in
688 645 838 676 Aureliis.

147 688 181 717 C.
201 689 317 727 Scipio,
334 698 350 718 e
367 687 525 718 Corneliis.
542 698 597 728 pro
612 688 695 717 Sext.
717 689 747 718 3.
764 698 845 719 socer
861 687 897 718 P.
913 688 989 718 Sex-

100 731 146 768 tii,
163 731 208 761 vir
223 731 367 771 optimus,
384 730 416 760 in
431 731 538 761 exsilio
553 730 701 761 Massiljae
713 731 798 761 vixit.
825 730 885 761 Sed
896 732 990 761 Caius

103 780 147 804 est
163 784 200 804 ex
216 773 397 804 editionibus
412 773 518 814 primis
533 779 562 803 et
583 773 695 812 histis,
718 774 895 814 posteriores
909 784 989 804 rece-

125 823 212 847 erunt
235 817 369 855 Lucz'us,
394 823 424 846 et
444 816 679 857 interpretantur
701 817 739 847 de
758 815 894 847 Asiatico
917 826 987 857 nep.

101 828 176 890 ξ’ἰά.
192 860 384 895 Manutium,
407 859 447 889 ad
464 859 546 890 hunc
565 860 677 890 locum.
701 860 790 890 Certe
808 859 916 897 alium,
932 860 987 900 qui

103 903 184 933 bello
199 903 279 933 civili
301 902 484 943 proscriptus
504 902 554 940 sit,
578 903 738 933 nescimus.
755 902 796 933 V.
811 902 880 933 infr.
897 903 929 933 in
944 903 985 935 L.

102 947 207 985 Scipio
226 947 326 976 Asiat.
343 946 385 976 L.
402 947 442 976 F.

147 991 204 1020 Cn.
221 990 322 1029 Scipio
340 990 458 1026 Calvus,
476 988 514 1018 L.
525 989 561 1019 F.
575 988 680 1019 Plane.
696 990 749 1019 24.
766 995 796 1019 et
807 990 858 1019 25.
874 988 938 1020 Off.
956 989 986 1027 I,

104 1033 152 1063 18.
164 1033 200 1070 is,
218 1033 352 1073 quicum
363 1031 455 1062 fratre
467 1031 579 1062 Publio
593 1031 625 1061 in
636 1031 787 1072 Hispania
798 1042 869 1062 cum
881 1032 986 1062 Poenis

100 1076 217 1107 bellum
229 1075 330 1115 gessit,
343 1081 428 1116 pater
443 1074 482 1104 P.
497 1074 644 1115 Scipionis
657 1075 787 1112 Nasicae,
804 1075 858 1115 qui
873 1075 918 1105 vir
932 1085 987 1116 op-

100 1119 195 1149 timus
207 1118 358 1158 judicatus
371 1124 433 1154 est3
458 1117 496 1147 de
510 1127 571 1158 quo
582 1117 670 1147 infra.
693 1117 784 1147 Balb.
805 1120 851 1148 15.
864 1118 896 1148 in
912 1118 987 1148 His-

99 1161 192 1202 pani-22
203 1161 348 1192 occiditur
360 1171 427 1191 cum
444 1160 545 1191 fratre.
564 1159 613 1191 Cf.
628 1160 720 1190 Tusc.
738 1159 766 1198 I,
781 1163 832 1192 37.
843 1164 894 1191 46.
911 1161 985 1191 Nat.

101 1204 145 1235 D.
163 1204 227 1243 III,
244 1208 296 1235 32.

146 1248 184 1277 L.
211 1249 314 1288 Scipio
339 1248 511 1283 Asiaticus,
536 1247 572 1276 P.
589 1246 626 1276 F.
640 1247 678 1277 1..
696 1247 738 1276 N.
763 1246 850 1277 Mur.
875 1249 924 1277 14.
949 1246 986 1277 de

101 1289 256 1321 Antiocho
271 1291 460 1331 triumphat3
484 1289 566 1319 unde
580 1289 733 1320 Asiaticus
748 1290 845 1320 dictus
860 1296 922 1320 est:
948 1289 986 1319 de

101 1344 162 1374 quo
192 1334 348 1374 triumpho
373 1333 433 1363 vid.
462 1332 542 1363 Plin.
573 1331 740 1370 XXXIII,
771 1336 819 1363 11.
847 1332 986 1363 Provinc.

101 1378 193 1407 Cons-
207 1377 236 1406 8.
253 1377 280 1406 ei
298 1376 412 1406 auxilio
427 1382 471 1406 est
487 1376 559 1406 Tib.
577 1376 732 1406 Gracchus
746 1382 842 1416 pater,
859 1375 928 1406 trib.
944 1375 987 1415 pl.

100 1429 171 1449 cum
191 1419 223 1448 in
239 1429 386 1450 carcerem
407 1419 574 1449 duceretur.
595 1419 685 1448 Brut.
701 1419 753 1453 47.
772 1429 832 1449 non
847 1418 986 1459 imperite

99 1462 188 1492 dixit.
214 1462 294 1493 Phil.
313 1462 376 1499 XI,
389 1463 419 1497 7.
436 1461 549 1501 collega
565 1461 600 1492 C.
614 1461 705 1491 Laeh'i
716 1461 857 1502 sapientis
872 1461 903 1490 in
915 1471 986 1491 con-

99 1505 213 1541 sulatu,
237 1505 276 1534 ad
296 1515 388 1546 quem
412 1514 482 1535 cum
505 1511 626 1534 senatus
649 1504 778 1534 deferret
799 1503 985 1544 provinciam

98 1548 219 1585 Asiam,
230 1558 321 1588 quae
308 1547 442 1588 Scipioni
456 1548 628 1585 obvenerat,
640 1547 731 1576 frater
740 1548 837 1586 major
850 1547 886 1576 P.
897 1546 985 1576 Afri-

98 1601 191 1621 canus
213 1600 279 1621 eam
303 1590 502 1631 ignominiam
525 1590 721 1630 deprecatur3
745 1596 785 1626 et,
801 1600 833 1620 se
846 1589 984 1629 legatum

97 1634 124 1663 ei
148 1633 212 1663 fore
234 1633 397 1673 pollicitus,
422 1633 607 1681 provinciam
634 1632 661 1662 ei
687 1638 850 1662 conservat.
874 1632 982 1663 Rabir.

96 1676 234 1706 Postum.
256 1679 302 1708 10.
318 1677 382 1715 ejus
397 1682 496 1706 statua
516 1675 548 1705 in
564 1675 714 1716 Capitolio
733 1684 804 1705 cum
819 1674 980 1715 chlamyde

89 1724 120 1749 et
135 1718 270 1760 crepidis.
