1137 1848
268 80 416 113 INDEX
440 82 729 116 HISTORICUS.
877 84 941 114 303

56 166 164 205 nius):
188 167 240 198 sed
264 167 437 200 Mummius
461 169 596 201 defendit
619 170 747 211 Pighius
764 170 803 200 ad
827 180 944 201 annum

56 211 129 240 595.
152 209 244 240 Dom.
265 212 317 242 48.
342 212 378 242 Ρ.
396 212 495 242 Clodii
511 214 590 242 bona
605 219 755 243 consecrat
767 214 878 243 Cereri.

98 254 146 282 M.
161 255 349 292 stlummius,
378 255 468 286 Verr.
493 256 554 293 IV,
576 257 627 285 53.
650 263 760 297 praetor
776 257 835 287 Cn.
853 257 947 286 Pom-

58 295 126 336 peio
141 301 170 325 et
185 295 233 326 M.
251 296 358 328 Crasso
374 308 446 328 coss.

102 340 139 368 P.
156 340 342 376 sslummz'us,
368 351 391 371 s.
414 342 594 377 fllemmz‘us,
612 341 700 372 Orat.
719 341 765 379 ΙΙ,
784 342 835 377 67.
852 341 947 371 cuivis

56 382 185 422 tempori
199 382 300 413 homo.

98 426 149 464 Sp.
169 426 360 465 Mummius.
376 426 468 458 frater
479 427 618 458 Achaici.
634 427 724 457 Brut.
734 428 784 456 25.
796 427 945 456 orationes

58 467 188 508 reliquit.
213 470 343 500 Stoicam
357 470 579 512 philosophiam
589 470 695 500 tenuit.
718 471 788 500 Att.
801 469 901 509 XIII,
915 473 946 500 6.

58 510 176 550 legatus
190 511 290 542 fratris
307 513 442 543 Achaici.

104 553 137 583 T.
154 555 333 593 Munatius,
346 556 384 586 ad
401 556 474 586 Div.
491 557 534 594 X,
556 559 603 587 12.
619 562 663 587 est
685 557 817 587 Plancus
833 557 944 586 Bursa.

61 594 150 625 Catil.
169 597 217 633 ΙΙ,
234 599 263 628 2.
276 599 372 629 socius
390 599 540 630 Catilinae.

102 640 256 675 Mundus,
269 643 337 671 Att.
355 642 430 677 XV,
448 644 498 671 26.
512 644 562 672 29.

102 683 141 711 L.
158 684 308 721 AIurcus,
325 684 363 714 ad
386 685 458 714 Div.
477 684 558 723 XII,
583 689 631 716 ll.
647 685 712 715 Att.
730 684 811 723 XII,
833 686 863 714 2.
886 684 949 714 im-

59 730 178 764 perator
189 735 219 755 et
233 728 393 766 proconsul
407 728 438 757 in
456 726 540 758 Asia.
565 728 605 759 V.
623 728 750 758 Statius.

108 769 139 798 C.
156 769 305 807 sslurena,
318 770 355 799 L.
373 771 408 800 F.
421 781 436 800 e
448 771 567 800 Licinia
582 771 699 801 famili&
708 770 834 811 plebeia.
859 770 946 800 Mur.

61 809 91 844 7.
111 811 165 841 ubi
189 811 227 842 de
246 813 412 851 majoribus
431 812 467 844 C.
490 820 519 843 et
543 814 580 843 L.
609 815 749 844 Murenae
772 813 946 843 videndum.

61 852 167 883 Frater
183 855 259 893 ejus,
275 866 330 895 pro
349 867 410 896 quo
437 862 480 886 est
503 857 608 895 oratio,
631 857 717 887 Mur.
733 857 786 886 41.
813 856 947 886 Galliam

59 898 192 936 regebat,
209 898 330 928 consule
347 898 501 929 Cicerone.

100 940 139 968 L.
160 940 307 978 Murena,
324 948 420 981 pater,
435 942 523 972 Verr.
543 941 589 979 ΙΙ,
607 943 658 973 35.
670 952 760 973 naves
776 941 948 972 civitatibus

60 981 148 1012 Asiae
161 983 298 1024 imperat.
322 985 434 1014 Manil.
448 986 479 1015 3.
503 985 539 1015 de
562 986 741 1015 Mithridate
756 984 945 1024 triumphat:

62 1025 182 1072 §Sulla
197 1032 362 1058 revocatur.
384 1028 475 1059 Brut.
490 1030 542 1059 90.
563 1029 643 1059 bello
654 1028 734 1059 civili
746 1027 872 1059 Sullano
882 1037 950 1068 per-

64 1073 110 1097 nt.

107 1111 144 1141 L.
161 1112 310 1151 Murena,
327 1113 364 1143 L.
379 1113 416 1143 F.
440 1113 525 1144 Mur.
551 1115 580 1149 7.
596 1114 661 1152 ejus
673 1125 747 1144 avus
767 1119 796 1143 et
818 1123 949 1153 proavus

63 1160 206 1194 praetores
232 1156 326 1186 fuere.
346 1156 419 1186 ibid.
435 1159 465 1187 9.
486 1157 604 1196 legatus
628 1157 666 1186 L.
698 1156 830 1187 Luculli.
852 1156 894 1186 ib.
926 1159 952 1186 l.

63 1198 169 1227 consul
189 1208 259 1228 cum
277 1198 318 1228 D.
334 1200 448 1235 Silano,
470 1206 596 1236 creatus,
613 1200 745 1229 ambitus
760 1205 916 1229 accusatus
933 1209 952 1228 a

65 1239 168 1270 Servio
192 1241 326 1282 Sulpicio
355 1249 384 1272 et
411 1241 537 1281 Catone,
565 1242 737 1272 defenditur
763 1253 781 1272 a
810 1241 954 1272 Cicerone

66 1283 197 1313 consule.

89 1336 92 1338 ’
107 1326 143 1356 Ρ.
158 1327 309 1365 ῙῑΙανεηα,
326 1328 416 1358 Brut.
433 1329 484 1363 67.
499 1328 643 1358 mediocri
652 1327 785 1368 ingenio,
802 1326 854 1357 sed
864 1337 961 1370 mag-b

66 1377 105 1398 no
121 1369 232 1407 studio,
247 1371 404 1400 literarum
420 1371 580 1401 studiosus.

107 1413 253 1442 Murena
269 1412 377 1449 Varro.
394 1414 433 1443 ad
448 1414 520 1444 Div.
536 1413 635 1449 XIII,
652 1417 704 1444 22.
720 1413 761 1443 V.
781 1413 887 1443 Varro.

108 1454 222 1493 Maste,
239 1456 283 1486 N.
300 1456 343 1485 D.
358 1455 422 1493 ΙΙΙ,
439 1458 490 1486 21.
504 1457 562 1487 tria
576 1467 686 1497 genera
702 1456 876 1486 Musarum.

107 1496 228 1536 Musca,
255 1502 334 1529 Att..
350 1499 432 1535 XII,
463 1501 514 1528 40.
546 1499 665 1529 videtur
697 1499 794 1529 Attici
822 1499 950 1528 libertus

64 1539 166 1571 fuisse.
190 1542 386 1583 Sempronius
400 1542 510 1572 Musca
523 1548 567 1572 est
579 1553 627 1582 ap.
645 1542 746 1572 Valet.
763 1542 811 1571 M.
827 1541 890 1578 VI,
911 1545 938 1571 1.

109 1583 254 1614 Mustella
286 1584 458 1620 Numisius,
479 1585 676 1624 Anagninus,
701 1585 739 1614 de
765 1584 875 1614 sicariis
902 1584 951 1613 M.

65 1626 193 1657 Antonii
207 1628 367 1658 triumviri.
392 1628 472 1658 Phil.
490 1628 538 1666 11,
562 1629 592 1658 4.
619 1629 671 1657 41.
694 1628 737 1665 V,
754 1629 783 1657 ὕ.
801 1625 901 1666 XIII,
919 1628 951 1656 2.

67 1671 137 1700 Att.
155 1669 233 1707 XII,
252 1672 284 1701 5.
301 1678 330 1701 et
345 1672 396 1700 44.

107 1714 142 1745 C.
159 1713 308 1753 Mustius,
326 1714 413 1745 Verr.
431 1714 480 1752 ΙΙ,
497 1713 549 1744 51.
565 1723 656 1755 eques
671 1713 843 1745 Romanus.
