1122 1868
141 64 204 94 406
356 64 506 96 INDEX
529 64 562 97 H
566 63 817 97 ISTORICUS.

143 149 231 180 bonis
246 150 278 180 in
295 150 410 189 Gallia,
427 161 498 182 eum
512 151 632 189 deserit,
649 157 678 182 et
696 150 859 192 pecuniam
876 149 1032 191 publicam

143 193 260 222 avertit.
278 193 353 223 ibid.
372 195 421 230 17.
440 204 502 235 seq.
519 195 575 225 Cn.
593 194 763 225 Dolabellae
777 194 894 234 legatus
909 193 941 222 in
957 192 1033 223 Cili-

145 236 203 272 cia,
217 242 256 272 et,
270 244 417 277 quaestore
427 237 574 268 Malleolo
582 243 714 275 mortuo,
724 241 921 277 proquaestor.
938 235 1034 265 Furta

144 286 174 308 et
189 279 300 308 scelera
315 280 345 309 in
357 280 506 320 legatione
521 286 701 321 perpetrata,
717 279 790 310 ibid.
807 280 858 309 36.
872 289 933 319 seq.
949 278 1035 308 Mal-

144 321 214 351 leoli
226 323 386 362 pecuniam
402 324 519 358 avertit,
537 334 591 354 nec
606 323 724 364 pupillo
739 321 878 352 restituit.
891 321 964 352 ibid.
978 321 1032 352 38.

145 371 249 394 contra
275 365 332 395 Cn.
358 365 564 404 Dolabellam,
588 376 607 396 a
635 366 684 396 M.
711 367 824 396 Scauro
847 370 1034 401 accusatum,

147 407 356 438 testimonium
381 408 464 445 dicit,
493 419 624 449 eumque
653 408 763 449 prodit.
790 407 863 438 ibid.
891 409 943 437 40.
971 416 1035 447 seq.

145 455 255 490 praetor
278 453 413 482 urbanus
436 452 476 481 A.
493 452 533 482 U.
551 452 634 486 679:
658 458 798 492 praeturae
818 450 941 491 flag-itia.
961 449 1036 479 ibid.

145 493 198 522 49.
223 491 261 523 111
276 494 409 535 praetura
425 505 462 524 ex
485 494 567 525 soto
581 494 619 524 ‹le
639 494 726 524 sartis
741 493 825 524 tectis
836 493 960 532 judicat.
985 491 1036 522 De

143 535 274 566 triennio
306 546 445 578 praeturae
469 537 632 567 Siciliensis
656 536 834 567 discendum
858 546 874 565 e
898 534 1036 566 Verrinis

145 578 208 616 IV,
225 579 268 616 V,
284 579 345 610 VI.
369 580 418 610 De
434 580 559 616 artibus,
573 579 684 628 quibus
699 578 938 618 elab1,adJutore
954 577 1037 608 Hor-

145 621 252 659 tensio,
265 622 380 661 judicio
396 629 425 652 et
444 623 608 652 accusatori
624 622 730 660 voluit,
753 632 780 653 v.
805 622 894 651 Verr.
916 620 944 658 I,
961 621 991 650 6.
1006 620 1037 655 7.

146 674 208 704 seq.
243 665 292 695 De
317 665 381 695 tota
409 665 500 696 causa
524 665 590 705 lege
620 671 800 705 argumenta
825 664 1037 694 Veri-inarum.

145 706 200 736 Ab
213 707 268 738 hoc
278 707 357 738 dicta
369 707 496 746 Verrea,
513 707 601 738 Verr.
613 707 678 746 ΙΙΙ,
693 712 744 739 25.
761 709 818 738 &c-
831 706 925 748 ipsius
937 707 1038 746 jussu,

147 750 273 780 sublatis
287 750 472 788 Marcelleis,
483 751 515 781 in
527 751 630 782 Sicilia
645 751 793 781 instituta.
816 749 867 781 De
876 749 961 780 exitu
973 749 1040 788 ejus

149 799 193 822 est
208 803 256 833 ap.
274 793 417 824 Plinium
433 794 477 823 H.
493 795 535 824 N.
553 793 718 831 XXXIV,
736 798 766 824 2.

195 836 231 871 Q.
257 838 373 875 Verres,
388 836 476 867 Verr.
494 835 522 876 Ι,
539 839 568 868 8.
594 837 702 868 etribu
717 835 866 875 Romilia,
883 835 920 867 C.
936 833 1042 867 Verris

150 879 354 920 propinquus.

200 923 334 959 Verrius,
351 923 390 953 ad
408 922 481 953 Div.
499 922 562 961 IX,
579 924 630 954 20.
650 923 702 953 26.
721 921 836 952 amicus
851 921 930 951 Paeti
945 926 975 952 et
985 920 1040 951 Ci-

149 966 273 996 ceronis.
290 966 363 996 ibid.
380 965 462 1003 XII,
481 967 530 996 14.
547 967 662 996 amicus
675 965 801 996 Lentuli
811 964 981 1005 Spintheris
995 963 1040 993 fil.

151 1007 277 1038 Manut.
302 1009 342 1038 ad
369 1009 431 1046 IX,
456 1010 509 1039 20.
534 1015 623 1049 putat
646 1019 709 1039 esse
728 1007 873 1037 Verrium
894 1007 1041 1037 Flaccum

149 1051 251 1088 illum,
274 1052 352 1090 juris
378 1051 524 1092 pontificii
550 1053 694 1092 peritum,
720 1052 808 1091 cujus
832 1050 959 1080 libertus
981 1049 1041 1080 fuit

151 1093 279 1124 Verrius
296 1095 321 1124 F
324 1095 459 1124 laccus
439 1094 666 1134 grammaticus.

197 1139 234 1168 C.
269 1139 441 1174 lerrulz'us,
469 1137 500 1166 V
502 1148 558 1167 err.
586 1137 654 1177 ΙΙΙ,
680 1138 731 1173 76.
756 1145 869 1166 nomen
892 1134 999 1166 fictum
1022 1144 1042 1166 a

152 1180 260 1218 Verre,
274 1182 332 1211 sub
348 1191 409 1221 quo
423 1181 488 1219 ipse
502 1181 625 1210 latebat.

201 1225 396 1261 Vertumnus,
423 1223 512 1252 Verr.
538 1222 586 1260 II,
608 1224 660 1254 59.
683 1223 780 1259 Deus,
804 1221 858 1263 qui
880 1221 912 1251 in
935 1229 1042 1251 omnes

152 1267 265 1307 figuras
289 1277 320 1297 se
345 1266 445 1306 vertit,
472 1272 526 1296 aut
551 1272 664 1296 vertere
692 1271 800 1307 potest.
835 1264 876 1295 V.
903 1264 1042 1305 Propert-

156 1309 218 1346 IV,
232 1313 262 1338 ⁴2.

205 1349 304 1390 Vesta,
321 1352 394 1382 Div.
411 1352 441 1389 I,
457 1353 510 1382 45.
533 1352 584 1382 Ex
605 1352 670 1390 ejus
690 1351 760 1381 luco
775 1361 833 1381 vox
854 1349 968 1380 audita.
991 1347 1043 1378 De

153 1395 210 1425 hoc
225 1395 304 1430 luco,
316 1396 369 1436 qui
385 1396 441 1425 sub
458 1394 627 1425 Commodo
639 1395 814 1425 combustus
826 1398 881 1431 est,
897 1392 958 1423 vid.
975 1391 1044 1422 He-

156 1438 272 1468 rodian.
289 1437 317 1475 Ι,
340 1439 386 1468 14.

201 1482 234 1511 C.
258 1483 421 1518 Vestor'ns,
437 1480 476 1511 ad
491 1480 566 1511 Div.
584 1480 685 1517 VIII,
705 1481 734 1510 8.
759 1479 798 1510 ad
823 1479 894 1509 Att.
921 1477 983 1516 IV,
1009 1478 1041 1508 6.

155 1524 186 1554 V
190 1523 218 1559 Ι,
235 1525 265 1553 2.
283 1524 308 1553 Ι
311 1525 480 1559 uteolanus,
497 1523 694 1563 argentarius.

199 1567 240 1596 L.
265 1568 423 1597 letecilcus
440 1568 499 1606 Lig
486 1578 554 1601 (¹,ur
572 1565 660 1595 Verr.
677 1564 742 1601 ΙΙΙ,
759 1566 789 1594 8.

200 1610 248 1639 M.
272 1611 410 1648 Vetilius,
427 1610 508 1640 Phil.
526 1608 591 1647 ΙΙΙ,
611 1611 658 1639 10.
686 1608 760 1639 vid.
779 1606 926 1648 Pighium
947 1605 987 1638 ad
1002 1605 1044 1636 A

162 1652 238 1688 709.

202 1696 241 1726 Ρ.
264 1695 404 1733 Vetilius,
422 1694 502 1728 Caec.
518 1697 548 1728 9.
565 1694 648 1727 testis
662 1694 694 1725 in
710 1693 872 1724 Caecinam.
