1137 1848
300 59 451 91 INDEX
474 60 761 94 HISTORICUS.
909 63 973 98 347

82 147 146 177 deri
157 145 256 181 vellet,
271 146 320 176 vel
335 145 417 187 quod
432 146 513 177 filius
529 146 659 177 Gracchi
681 147 805 186 insitivi,
821 153 857 178 ut
868 149 968 179 Abra-

83 191 146 220 mio
160 189 298 220 videtur:
323 199 416 230 quem
432 189 492 219 vid.

126 235 165 264 P.
196 232 341 268 Quintius
375 234 485 269 Varus,
510 232 632 263 Cluent.
658 233 705 264 19.
730 234 822 265 homo
844 235 967 265 summa

80 275 224 316 religione
249 281 278 305 et
306 275 491 306 auctoritate.
529 275 590 306 Sed
617 275 798 313 Lambinus,
831 278 965 316 Merula,

81 319 205 360 aliique,
222 319 328 349 voltmt
348 318 409 359 legi
427 319 609 354 Quintilius.
640 319 745 349 Etiam
764 319 902 361 Pighius,
927 321 966 351 ad

79 362 124 392 A.
141 362 215 400 660,
231 361 312 391 hune
326 361 428 392 locum
452 361 542 392 refert
565 362 604 392 ad
619 361 820 400 Quintilium,
843 364 880 394 de
905 374 967 405 quo

81 415 182 446 supra.
228 404 331 435 Varus
362 410 406 435 est
437 414 604 445 cognomen
639 405 873 445 Quintiliorum,
904 416 966 437 non

83 448 293 486 Quintiorum.
316 447 375 478 Sed
387 447 473 478 codd.
489 448 531 478 nil
548 448 676 478 variant.

126 493 166 521 P.
186 491 347 529 Quintius,
359 501 414 532 pro
429 501 491 532 quo
505 496 549 521 est
564 492 670 529 oratio,
689 502 727 522 ex
742 492 805 533 qua
819 492 857 523 de
871 503 906 523 eo
918 503 967 524 co-

82 534 186 575 gnosci
200 540 308 574 potest.

127 578 160 607 T.
171 577 320 612 Quintius
332 577 541 617 Flamininus,
554 578 620 608 Att.
638 576 718 616 XII,
737 579 766 609 5.
778 579 884 609 consul
896 589 967 610 cum

85 619 135 650 Μ’
144 620 258 657 Acilio,
274 620 316 650 A.
333 620 374 650 U.
392 621 464 650 603.

128 664 277 699 Quintius
294 664 417 699 Gallus,
441 663 480 693 ad.
505 663 578 694 Div.
600 662 701 701 XIII,
728 666 782 696 43.
813 665 969 696 nonnullis

81 706 172 736 etiam
199 707 332 737 Gallius.
368 706 499 737 Videtur
522 707 639 747 legatus
664 714 717 738 aut
740 708 899 749 praefectus
923 708 965 746 Q.

80 748 219 790 Philippi
244 750 328 780 Asiae
351 750 538 791 proconsulis
565 750 657 790 (conf.
677 751 728 785 73.
746 758 775 781 et
790 750 868 789 74):
893 761 966 781 nam

81 792 109 823 ei
132 793 372 829 commendatur,
399 793 452 833 qui
478 793 650 833 negotiatur
675 793 862 831 Philomelii,
884 793 967 834 quod

82 841 127 866 est
142 835 290 876 oppidum
305 845 425 876 magnae
440 835 593 876 Phrygiae.
615 836 703 866 Conf.
722 847 768 877 ep.
786 838 837 868 49.

126 879 295 915 Quirinus,
321 879 410 910 Offic.
439 877 504 917 ΙΙΙ,
531 881 581 909 10.
604 879 769 910 Romulus.
792 881 862 911 Att.
884 878 966 918 XII,

79 923 132 952 45.
156 921 257 959 XIII,
275 925 326 954 28.
349 921 480 960 Quirino
499 934 611 955 συωαος
627 922 739 952 Caesar.

106 968 109 970 ’
126 965 317 1001 Quirinalia,
334 965 373 995 ad
400 965 441 1003 Q.
458 965 510 994 Fr.
523 963 570 1002 II,
583 966 613 995 3.
634 966 680 994 13.
705 965 852 996 sollennia
865 965 898 996 in
912 966 968 997 ho-

80 1017 185 1039 norem
197 1008 335 1039 Romuli.
360 1007 400 1037 V.
417 1007 510 1039 Ovid.
530 1008 612 1039 Fast.
623 1007 671 1047 II,
688 1009 764 1038 513.

511 1095 552 1124 R.

122 1181 284 1212 Rabirius.
309 1180 409 1211 Acad.
426 1179 455 1218 I,
476 1184 501 1211 l.
517 1181 618 1211 malus
642 1186 746 1211 auctor
767 1179 968 1222 philosophiae

80 1224 220 1255 Latinus.
243 1225 298 1255 Ab
312 1224 380 1262 hoc,
401 1224 465 1254 sine
480 1224 584 1261 dubio,
601 1224 736 1254 diversus
758 1230 801 1254 est
824 1231 971 1265 praestans

79 1268 181 1308 poeta,
204 1267 242 1298 C.
267 1267 425 1304 Rabirius,
456 1268 510 1308 qui
539 1267 630 1298 etiam
661 1267 775 1297 Ovidio
804 1267 967 1298 laudatur:

81 1312 104 1329 “
124 1311 231 1352 magni
246 1310 392 1341 Rabirius
407 1310 489 1340 oris'’
507 1311 562 1345 (V.
578 1309 736 1347 Vossium,
754 1309 836 1340 Hist.
848 1311 920 1341 Lat.
938 1310 969 1349 I,

78 1353 158 1392 21);
183 1360 212 1384 et
236 1353 325 1392 alius,
351 1353 476 1384 fortasse
498 1353 645 1391 medicus,
671 1364 720 1394 ap.
746 1352 828 1383 Plin.
852 1354 896 1384 Η.
923 1354 969 1384 Ν.

83 1396 254 1434 XXVIII,
272 1397 302 1432 7.

123 1441 160 1471 C.
184 1440 344 1477 Rabirius,
362 1439 469 1470 Rabir.
495 1440 585 1470 Pei-d.
607 1441 637 1469 2.
662 1440 874 1479 Saturninum,
897 1439 967 1470 trib.

78 1483 120 1524 pl.
142 1483 324 1514 interfecisse
339 1483 411 1514 dicit
426 1483 593 1519 Labienus,
617 1489 646 1513 et
660 1489 818 1524 propterea
837 1488 968 1513 accusat.

78 1527 182 1557 Pison.
199 1530 228 1557 2.
246 1537 265 1556 a
284 1526 427 1557 Cicerone
447 1525 628 1556 defenditur.
651 1526 722 1556 Att.
741 1526 771 1563 Ι,
788 1527 818 1556 6.
839 1525 967 1556 domum

79 1569 212 1611 Neapoli
227 1569 336 1600 habet:
362 1569 474 1599 vendit.

124 1615 157 1644 C.
182 1613 334 1643 Rabirius
361 1614 542 1647 Postumus,
566 1612 706 1643 Postum.
726 1615 752 1642 1.
769 1622 860 1653 eques
876 1612 971 1642 Rom.

78 1656 159 1686 filius
174 1656 210 1687 C.
228 1655 328 1687 Curtii
342 1655 499 1690 naturalis,
517 1655 662 1686 Rabirius
686 1666 739 1696 per
762 1655 969 1695 adoptionem.

77 1699 248 1730 Accusatus
264 1699 302 1730 de
317 1699 454 1736 residuis,
471 1698 615 1730 damnato
631 1699 775 1737 Gabinio,
792 1709 810 1729 a
825 1698 971 1729 Cicerone

77 1741 258 1773 defenditur.
