1122 1868
126 70 188 100 380
338 68 486 100 INDEX
510 68 798 101 HISTORICUS.

128 155 234 195 populi
264 155 356 185 Rom.
380 155 658 196 amicissimumque
681 161 762 186 trans
788 155 929 186 Taurum
954 166 1010 198 ap-

128 198 230 238 pellat.
270 199 508 228 Tarcoridurrzntzts
529 205 631 228 autem
647 198 837 229 scribendum
853 209 925 235 esse,
948 209 1010 230 non

132 242 384 277 Tarcondomorus,
408 241 564 271 confirmat
580 251 733 276 nummus,
752 252 847 282 nuper
862 253 880 272 a
895 241 1011 273 Maffeo

130 283 227 314 editus
247 284 278 314 in
303 284 486 325 Antiquitat.
509 284 712 324 Aquitanicis.
738 285 787 315 Sic
803 291 831 314 et
847 284 918 316 MS.
943 295 1014 316 nos-

129 333 182 356 ter.

175 369 350 410 Tarquinius
367 371 499 407 Priscus,
514 369 610 411 Legg.
628 370 656 407 I,
673 371 700 400 l.
719 370 745 400 ei
765 371 803 400 ab
819 369 921 410 aquila
933 380 1012 410 apex

130 412 304 452 imponitur.
329 413 423 443 Tusc.
449 413 491 451 V,
518 414 568 448 37.
593 413 750 444 Demarati
775 413 864 443 filius.
888 413 966 443 Sull.
983 414 1012 449 7.

129 466 181 485 rex
198 456 380 496 peregrinus.

176 498 211 527 L.
242 500 418 539 Tarquinius
441 500 598 538 Superbus,
623 498 694 529 Div.
723 499 753 536 I,
781 501 831 528 22.
859 498 1013 529 somnium

130 541 309 581 portendens
325 542 476 572 exsilium.
494 542 569 581 Leg.
587 541 634 578 ΙΙ,
658 543 688 571 4.
705 552 740 571 eo
754 552 834 581 rege,
850 541 936 571 nulla
951 548 1015 572 erat

129 584 180 613 lex
196 585 304 614 Romae
320 584 357 614 de
372 585 493 626 stupris.
516 585 609 615 Tusc.
637 584 704 622 ΙΙΙ,
732 587 780 615 12.
802 584 908 615 Cumis
931 584 1014 614 senio

133 627 284 657 confectus
300 633 352 657 est.

174 671 215 700 L.
236 671 417 709 Tar-quirius,
429 668 495 700 Att.
509 670 571 706 VI.
584 671 613 700 8.
628 671 747 711 Popma
760 675 848 710 putat
859 679 921 700 esse
933 679 1015 708 eum,

130 713 228 751 cujus,
245 723 293 753 ap.
312 713 447 742 Plinium
458 713 489 742 in
503 713 599 743 Catal.
618 714 743 744 Auctor.
761 713 814 743 lib.
831 712 878 751 II,
894 712 964 743 libri
979 712 1017 743 de

130 755 289 796 disciplina
304 755 434 786 Etrusca
449 763 732 787 commemorantur.

175 799 216 828 L.
245 800 386 828 Tarutius
409 799 574 835 Firmanus,
607 800 681 829 Div.
708 799 756 836 II,
782 799 833 834 47.
857 798 1015 829 familiaris

134 839 328 879 Ciceronum,
355 842 448 872 homo
478 841 628 882 imprimis
653 842 824 873 Chaldaicis
850 841 1016 872 rationibus

133 884 278 919 eruditus.
295 885 403 925 repetit
418 884 550 914 natalem
567 885 676 916 Romae
691 896 709 915 a
725 884 887 921 Parilibus,
904 884 1016 925 quibus

132 937 150 957 a
166 927 301 957 Romulo
325 928 445 958 condita
464 927 582 957 dicitur.
608 929 741 959 Romam
763 927 915 958 conditam
933 927 1017 966 dicit,

134 980 204 1000 cum
221 970 252 999 in
267 970 290 1000 J
293 981 353 1011 ugo
367 971 441 1000 luna
457 976 542 1007 esset,
559 976 587 1001 et
602 972 666 1010 ejus
678 971 740 1001 fata
757 970 901 1011 praedicit.

181 1014 216 1042 T.
239 1014 352 1051 Tutius,
376 1014 452 1043 Her.
471 1013 532 1051 IV,
554 1017 603 1044 12.
619 1025 672 1044 rex
688 1014 881 1051 Sabinorum,
897 1012 961 1053 qui,
977 1014 1016 1044 ob

132 1062 233 1096 raptas
248 1056 385 1091 Sabinas,
402 1056 518 1087 bellum
534 1067 604 1087 cum
617 1057 752 1087 Romulo
766 1056 866 1097 gessit,
885 1057 942 1087 &c-

184 1100 347 1137 Tuuriscus,
365 1099 419 1130 Or.
443 1098 508 1138 III,
534 1102 584 1130 55).
601 1106 691 1130 actor.
715 1099 794 1139 Ejus
808 1099 923 1129 dictum
947 1099 1016 1130 lau-

136 1141 234 1171 datur.

178 1186 232 1215 M.
254 1185 384 1222 Taurus,
408 1184 450 1223 Q.
467 1185 518 1215 Fr.
536 1184 601 1222 III,
629 1186 656 1215 l.
677 1187 706 1216 2.
727 1184 764 1215 de
779 1185 835 1215 hoc
849 1185 926 1215 nihil
940 1184 1018 1215 mihi

133 1234 241 1268 praeter
263 1227 320 1258 hoc
343 1234 468 1267 constat,
490 1229 572 1269 quod
590 1228 722 1259 fundum
743 1228 851 1258 habuit
870 1228 1020 1259 confinem

132 1270 228 1301 fundo
244 1270 284 1308 Q.
302 1271 465 1302 Ciceronis.

179 1314 306 1351 Taurus,
329 1314 368 1344 ad
391 1314 464 1344 Div.
490 1315 573 1353 XII,
599 1316 650 1344 ¹25.
670 1320 714 1345 est
735 1314 772 1351 is,
789 1324 892 1356 quem,
917 1315 960 1345 A.
977 1315 1021 1346 U.

133 1357 207 1393 716,
224 1357 379 1387 consulem
394 1357 554 1388 suffectum
569 1357 660 1388 fuisse
674 1363 795 1398 putant,
817 1357 857 1387 T.
874 1357 1021 1388 Statilius.

136 1399 266 1430 Videtur
279 1400 396 1439 legatus
417 1400 540 1431 Calvisii
561 1400 665 1431 Sabini
685 1400 788 1438 fuisse,
811 1400 865 1441 qui
879 1411 917 1431 ex
932 1401 1020 1431 sorti-

134 1442 214 1472 tione
229 1442 361 1472 Antonii
375 1443 511 1474 Africam
526 1445 657 1484 petebat,
679 1453 750 1473 cum
762 1444 827 1482 jam
844 1443 1023 1474 Cornificius

135 1494 173 1514 ex
198 1485 281 1515 SCto
305 1485 463 1516 obtineret.
490 1487 542 1528 (cf.
570 1488 785 1523 Diiuntaurus.)
805 1486 888 1517 Cum
914 1492 1017 1517 autem

134 1528 321 1567 provinciam
338 1527 489 1560 Calvisius
512 1536 579 1560 tum
594 1539 654 1559 non
677 1529 810 1560 obtinere
825 1535 935 1570 posset,
952 1530 1019 1569 ejus

134 1570 252 1609 legatus
267 1577 369 1601 tamen
382 1572 504 1603 Taurus
518 1573 589 1610 fuit,
605 1574 647 1603 A.
663 1573 704 1603 U.
724 1573 797 1608 715.

151 1654 158 1660 .
183 1615 334 1650 Tebassus,
356 1615 425 1645 Att.
447 1615 542 1653 XIV,
572 1620 618 1647 10.
641 1625 752 1646 nornen
770 1615 902 1646 veterani
919 1614 1022 1647 Caesa-

134 1665 221 1686 riam.

182 1700 309 1734 Telamo,
333 1700 425 1730 Tusc.
443 1699 508 1739 III,
529 1705 576 1733 18.
593 1700 690 1744 patria
704 1702 809 1743 pulsus
824 1707 878 1733 est.
899 1701 955 1733 Or.
968 1701 1020 1739 11,

136 1742 187 1772 46.
211 1742 285 1773 Nat.
306 1742 346 1773 D.
364 1743 431 1781 III,
449 1747 499 1774 32.
