1137 1848
230 111 382 142 INDEX
406 110 777 143 GEOGRAPHICUS.
885 110 939 139 101

108 195 224 235 Parthi,
247 197 368 238 proprie
387 197 492 238 popuh'
509 196 630 234 Persiae,
647 196 727 226 ultra
743 195 920 236 Euphraten
936 205 945 231 ;

63 236 171 268 deinde
185 249 301 278 omnes,
317 240 371 281 qui
386 241 459 271 olim
475 241 584 270 Persae.

105 281 253 319 Parthini,
268 283 299 313 in
316 284 419 313 Pison.
436 284 489 321 40,
505 282 611 324 populi
626 282 657 312 in
668 281 800 322 Illyrico.
825 281 864 310 V.
881 279 949 310 Ou-

64 323 154 353 dend·
172 325 211 355 ad
225 326 308 357 Suet.
323 327 409 365 Aug.
429 326 476 357 19.

82 408 88 414 .
107 366 266 407 Pataram,
291 379 346 410 pro
364 369 390 398 F
392 369 463 399 laec.
490 369 543 407 32,
562 368 646 399 urbis
666 367 785 398 Paeane
800 366 832 396 in
855 364 950 406 Lycia

64 419 151 439 elves.

106 451 221 491 Patrce,
236 455 308 485 urbs
323 454 478 485 notissima
492 454 628 484 Acha'iae.

106 496 273 535 Pedmmm,
294 497 332 527 ad
352 498 420 527 Att.
438 497 500 535 IX,
524 498 574 534 18,
594 495 742 536 praedium
757 495 789 525 in
804 504 876 535 agro
892 494 951 523 Pe-

63 535 154 575 dano,
175 539 206 569 h.
223 550 248 570 e.
266 550 360 580 prope
381 539 504 575 Pedum,
526 539 673 580 oppidum
693 539 771 568 inter
787 538 949 575 Praenestc,

65 579 177 619 Tibur,
193 588 222 612 et
237 583 419 613 Tusculum.

107 622 234 665 Pelasgi,
249 625 355 666 populi
372 625 506 656 Graeciae‚

110 665 258 708 Pelignus,
272 678 287 698 e
303 668 451 708 Pelignis,
468 667 581 708 populo
598 666 707 705 Italiae,
725 665 848 703 Marsis,
865 664 952 695 Mar-

65 708 188 747 rucinis,
206 716 235 741 et
247 710 421 741 Ferentanis
433 710 552 740 confini.

109 751 211 783 Pelion
226 764 339 791 nemus,
359 753 398 783 ad
416 753 550 784 Herenn.
570 752 618 791 II,
632 753 685 790 22,
701 752 733 782 in
748 757 851 782 monte
867 750 952 781 Pelio

66 793 98 823 in
114 794 282 826 Thessalifi.

114 837 217 868 Pelius
231 849 322 877 mons,
338 838 375 868 de
391 838 459 868 Fat.
476 839 525 868 15.

109 882 207 918 Pena,
223 882 262 911 ad
276 882 345 912 Att.
360 881 428 919 ΙΙΙ,
445 882 475 919 8,
490 886 579 921 caput
589 879 778 910 Macedoniae
791 890 801 915 ς
818 879 899 909 unde
910 889 956 909 re-

68 935 119 966 ges
130 924 332 962 Macedoniae,
344 924 507 964 Philippus
517 931 545 953 et
558 922 744 959 Alexander,
760 922 861 953 Pellcci
873 921 954 951 djcti.

68 967 249 1008 Philippum
265 967 496 1004 Demosthenes,
513 966 550 996 de
561 965 690 1003 Corona,
704 967 870 995 contemtus
886 974 956 994 cau-

69 1010 103 1041 s&
117 1009 250 1051 appeHat
266 1022 290 1038 su
308 1014 410 1042 Πελλη
425 1016 585 1048 mapa-roa,
608 1014 637 1038 et
659 1018 728 1038 cum
744 1013 897 1037 contemtu
917 1007 954 1037 de

69 1052 104 1083 εὲ.
118 1054 193 1083 urbe
207 1052 361 1092 loquitur:
386 1051 422 1081 de
432 1052 494 1092 qu⁸a
509 1061 541 1082 re
556 1051 619 1083 vid.
631 1050 814 1091 W'esseling.
829 1050 868 1080 ad
879 1050 956 1079 Ant.

69 1095 143 1126 ltin.
179 1117 187 1125 .
204 1095 277 1125 319.

113 1106 340 1179 Peaponnesus,
355 1147 468 1178 magna
485 1136 665 1178 paeninsula,
687 1136 811 1177 reliquae
831 1135 956 1166 Graeciae

72 1181 190 1212 Isthmo
205 1180 361 1211 Corinthio
377 1180 541 1210 adhaerens.

116 1225 267 1261 Pelorum,
284 1223 524 1264 promontorium
539 1222 577 1252 ad
592 1222 702 1254 Siciliae
716 1221 839 1252 fretum.

115 1267 294 1305 Pentelicas,
315 1266 354 1296 ad
368 1265 436 1296 Att.
460 1265 488 1304 I,
511 1267 542 1304 8,
562 1265 693 1296 Hermes
710 1264 891 1301 Pentelieus,
913 1270 956 1294 est

74 1315 173 1340 statua
193 1309 258 1348 ejus
276 1308 403 1348 generis,
428 1319 503 1349 quos
524 1307 647 1338 Hermas
668 1308 825 1344 vocabant,
842 1307 919 1336 facta
939 1317 955 1336 e

73 1361 234 1389 marmore,
260 1351 342 1391 quod
370 1351 651 1391 praestantissimum
678 1360 694 1379 e
719 1355 821 1379 monte
848 1349 957 1379 Attica}

73 1395 228 1425 Pentelico
252 1395 386 1434 (auctore
402 1393 567 1432 Pausaniiz,
589 1394 619 1431 I,
643 1394 693 1431 19,
717 1393 779 1428 32;
804 1392 885 1430 VII,
902 1392 954 1429 23,

73 1439 127 1476 25,
143 1436 200 1476 26)
216 1436 420 1473 excidebatur,
441 1437 595 1466 inventore
617 1435 696 1475 Byze
710 1436 820 1465 Naxio.
843 1435 955 1464 Pente-

71 1480 122 1511 lici
136 1479 295 1510 marmoris
310 1479 423 1509 mentio
439 1484 484 1509 est
504 1479 594 1508 etiam
616 1489 664 1519 ap.
682 1479 870 1514 Strabonem,
894 1477 956 1514 IX,

71 1534 102 1564 p.
118 1523 192 1560 619,
209 1522 255 1552 ed.
273 1522 424 1552 Almelov.
441 1528 470 1551 et
485 1521 566 1561 apud
582 1521 781 1551 Plutarchum
795 1519 958 1550 inValerio

73 1565 246 1603 Publicola,
262 1575 293 1605 p.
316 1565 385 1601 105,
403 1563 448 1593 ed.
466 1563 605 1595 Wechel.

118 1609 225 1648 Perga,
241 1609 313 1637 urbs
329 1607 529 1647 Pamphyliae.

119 1651 289 1689 Pergamus,
303 1651 376 1680 urbs
392 1649 505 1689 Mysiae
519 1649 641 1688 majoris
649 1648 860 1684 celeberrima;
877 1648 959 1678 unde

76 1695 261 1734 Pergameni.

122 1736 304 1773 Perrhaebia,
320 1735 351 1764 'm
368 1735 469 1765 l'ison.
486 1736 538 1773 40,
554 1745 623 1775 pars
638 1734 822 1770 Thessaliae;
847 1734 898 1764 3111
914 1740 958 1764 ta-

78 1789 149 1810 men
164 1778 202 1810 ad
213 1777 438 1817 Macedoniam,
454 1778 526 1809 item
542 1778 581 1808 ad
596 1776 756 1815 AEtoliam,
772 1776 914 1808 referunt.

685 1829 705 1848 1(
724 1821 743 1848 3
