1122 1868
141 86 205 115 244
350 87 499 119 INDEX
515 86 812 120 'HISTORICUS.

140 170 230 201 didus
245 171 346 203 homo.
370 174 434 204 Alii
447 184 621 215 praenornen
637 174 752 206 faciunt
767 175 844 204 Ssr.
861 171 943 214 quod
958 182 1028 213 pro-

141 215 194 244 bat
212 215 348 245 Perizon.
365 217 472 246 Anim.
486 217 530 253 H.
547 228 612 258 cap.
635 222 658 248 1.

183 257 295 287 Gmms
319 258 426 295 Olelus,
444 260 526 290 Sext.
546 262 597 289 33.
624 261 692 291 Hoc
714 270 826 290 nomen
851 258 932 289 varie
956 263 1027 287 ten-

141 299 245 329 tarunt
271 300 327 330 viri
350 301 438 332 docti.
470 303 611 333 Maxime
635 310 736 333 autem
766 304 911 344 probatur
934 300 1030 330 doctis

142 342 224 378 Viris,
250 353 278 373 V·
296 354 320 374 c.
341 345 473 381 Graevio‚
494 347 666 384 conjectura
693 345 855 382 Perizonii,
879 343 934 384 qui
951 343 1031 383 lege-

140 386 192 415 bat
216 386 325 416 Gavius
341 389 448 424 ccepio.
471 388 510 418 V.
532 388 698 418 Animadv.
718 389 800 418 Hist.
817 398 842 418 c.
864 391 888 418 l.
905 397 935 427 p.
953 386 1004 415 30.

186 429 224 457 L.
243 429 369 468 Gellius,
394 431 482 460 Brut,
507 432 558 466 27.
580 431 803 461 contubernalis
827 430 862 460 C.
880 427 1030 460 Carbonis

141 471 173 500 in
189 472 356 502 consulatu.
373 473 446 503 ibid.
464 474 516 508 47.
531 474 629 514 qualis
641 480 739 504 orator
754 473 855 504 fuerit.
879 472 917 502 L.
929 469 1031 501 Crassi

143 520 172 543 et
189 514 235 543 M.
253 515 380 545 Antonii
396 516 583 556 temporibus
599 517 711 547 floruit.

184 557 226 587 L.
253 558 378 594 Gellius,
403 559 494 588 Balb.
520 560 549 588 8.
576 559 675 599 legem
697 559 734 588 de
755 558 875 588 civitate
897 556 968 586 tulit
992 565 1030 585 ex

138 601 425 631 senatus-consulto.
443 601 499 642 (V.
513 603 584 631 Iud.
596 601 707 640 Legg.)
725 601 846 631 Cluent.
863 602 915 629 42.
931 608 1034 629 censor

141 652 212 672 cum
229 643 287 672 Cn.
304 643 436 673 Lentulo
448 650 583 684 tempore
595 644 702 683 judicii
712 643 898 679 Cluenfiani,
910 641 1033 672 biennio

141 691 209 725 post
224 686 428 722 consulatum,
455 697 548 726 quem
563 697 634 716 cum
657 686 716 717 Cn.
733 686 867 716 Lentulo
882 684 974 725 gessit
988 683 1031 712 A.

141 728 213 757 681.
224 727 263 757 ad
273 728 361 765 Quir.
375 739 405 769 p.
420 729 521 759 Redit.
539 730 569 764 7.
579 740 597 759 a
610 730 753 760 Cicerone
765 739 860 768 remp.
877 736 1034 758 conserva-

143 776 206 799 tam
230 770 262 799 in
287 771 429 801 concione
455 771 542 802 dixit.
568 772 670 802 Pison.
697 775 726 803 3.
745 770 885 802 Ciceroni
908 769 1034 800 civicam

145 813 248 842 deberi
263 812 346 843 dicit.
367 814 447 853 Ejus
463 814 578 844 mentio
595 815 629 844 fit
650 815 742 845 etiam
763 814 795 844 in
812 814 901 844 Verr.
916 811 964 849 ΙΙ,
981 813 1033 841 48.

146 855 233 885 Vei-r.
252 855 316 893 ΙΙΙ,
332 858 384 887 39.
408 857 484 887 forte
505 858 597 887 etiam
621 858 660 888 ad
680 858 752 887 Div.
768 857 812 895 X,
841 857 889 891 17.
912 855 988 895 Leg.
1004 854 1034 892 Ι,

142 899 195 928 20.
215 898 266 928 Ex
287 899 420 939 praetura
437 899 577 930 Athenas
599 901 729 935 veniens,
752 910 857 940 pacem
873 899 951 928 inter
965 897 1037 938 phi-

144 941 286 981 losophos
301 942 398 972 facere
414 943 550 982 suscipit,
562 949 591 973 et
606 951 766 984 propterea
782 942 907 972 ridetur.

187 984 313 1019 Gellius.
338 985 532 1025 praecedentis
551 985 653 1021 frater,
680 986 757 1016 Har.
782 985 876 1025 Resp.
897 984 949 1019 27.
965 983 1037 1013 Att.

144 1027 207 1065 IV,
224 1028 254 1057 3.
279 1026 455 1058 Clodianus.
472 1028 556 1058 Sext.
571 1029 623 1058 51.
640 1028 745 1059 Vatin.
763 1030 792 1057 2.
808 1027 900 1057 homo
916 1026 1037 1057 seditio-

145 1080 196 1100 sus
212 1076 241 1100 et
255 1071 422 1111 popularis.

188 1113 290 1150 Geltz'i,
315 1115 368 1143 Cn.
384 1119 413 1144 et
430 1113 509 1143 Sext.
533 1113 605 1144 Div.
625 1113 652 1151 Ι,
669 1114 720 1144 26.
743 1113 820 1153 Leg.
843 1113 871 1149 Ι,
894 1113 924 1141 2.
940 1111 1034 1141 histo-

142 1155 196 1185 rici
212 1155 315 1185 Latini
329 1156 468 1196 languidi
480 1163 509 1187 et
523 1156 634 1192 insciti.
647 1157 685 1186 de
696 1156 808 1197 quibus
819 1155 880 1185 vid.
889 1153 1035 1184 Vossium

143 1198 180 1227 de
197 1199 313 1228 Histor.
327 1199 396 1228 Lat.
411 1200 439 1237 Ι,
453 1201 482 1229 8.
501 1199 565 1229 Alii
580 1200 617 1230 de
627 1209 688 1229 uno
698 1201 756 1229 Cn.
772 1198 906 1239 capiunt.
917 1196 1038 1227 Fabric-

148 1241 179 1270 in
197 1242 235 1270 B.
252 1241 322 1271 Lat.
340 1240 436 1272 Indic.
453 1242 526 1272 citat
542 1243 580 1272 L.
595 1242 731 1272 Gellium
748 1252 763 1272 e
779 1242 844 1271 Cic.
863 1241 900 1270 de
916 1240 1014 1279 Legg.

190 1285 274 1321 Gelo,
292 1284 334 1314 N.
352 1284 394 1314 D.
412 1284 478 1323 ΙΙΙ,
496 1286 546 1314 34.
568 1291 714 1325 tyrannus
730 1285 948 1325 Syracusanus.

188 1328 342 1363 Geminus,
367 1326 460 1357 Tusc-
481 1327 510 1363 Ι,
527 1329 578 1363 37.
594 1337 761 1368 cognomen
779 1327 987 1356 Serviliorum.

186 1370 224 1398 L.
244 1370 418 1399 Genua-ilius
436 1372 563 1407 Curvus,
581 1370 619 1400 ad
635 1370 707 1400 Div.
729 1368 826 1406 XIII,
844 1370 897 1399 53.
910 1368 942 1398 in
959 1367 1041 1398 Hel-

148 1412 287 1451 lesponto
302 1412 480 1452 negotiator.

191 1455 223 1484 C.
251 1454 337 1490 Geta,
365 1465 421 1496 pro
446 1456 568 1486 Cluent.
594 1456 644 1486 4⁶2.
671 1466 686 1485 e
712 1460 817 1485 senatu
836 1454 947 1493 ejectus
963 1462 981 1481 a
997 1452 1034 1482 L.

146 1496 276 1526 Metello
292 1503 321 1527 et
337 1498 395 1528 Cn.
411 1498 551 1529 Domitio
566 1509 638 1529 coss.
655 1508 758 1529 censor
777 1498 841 1538 ipse
856 1502 925 1537 post
939 1495 1039 1525 factus

151 1545 206 1568 est.

188 1582 240 1610 JI'
257 1582 390 1619 Gfabrin,
406 1594 444 1613 ex
458 1584 575 1621 Aciliis,
593 1584 673 1614 filius
685 1583 814 1614 auctoris
828 1581 904 1622 legis
919 1580 1038 1610 Aciliae.

144 1624 234 1654 Brut.
260 1625 312 1653 68.
332 1636 423 1655 avum
443 1627 550 1656 habuit
572 1627 758 1658 Scaevolam:
783 1625 886 1655 tardus
907 1623 1040 1663 ingenio.

144 1667 175 1696 in
193 1667 283 1696 Verr.
302 1666 329 1701 Ι,
348 1671 376 1696 2.
395 1675 506 1708 praetor
521 1676 550 1698 et
566 1669 708 1710 quaesitor
720 1669 751 1698 in
767 1668 857 1698 causa
874 1666 909 1696 C.
924 1666 1040 1696 Verris.

147 1709 261 1739 Manil.
279 1711 309 1741 9.
325 1717 444 1750 partem
467 1712 615 1742 exercitus
633 1722 651 1742 a
674 1710 808 1741 Murena
831 1709 948 1750 accipit.
974 1707 1042 1737 Ha-
