1122 1868
182 70 222 104 76
354 71 500 102 INDEX
524 68 891 104 GEOGRAPHICUS.

225 157 374 196 Crannon,
397 157 435 187 de
457 158 512 188 Or.
531 156 576 196 ΙΙ,
593 159 624 195 6,
641 159 713 188 urbs
739 156 914 189 Thessaliae.
947 157 1060 188 Melior

179 199 324 239 scriptura
352 206 396 230 est
424 201 552 238 Cranen,
577 207 611 230 ut
633 201 719 231 docet
746 201 901 231 Drakenb.
928 200 966 230 ad
990 200 1059 230 Liv.

180 241 344 279 XXXVI,
364 246 422 279 10;
447 243 500 283 qui
522 250 550 273 et
566 244 595 273 h.
611 244 631 272 1.
649 243 690 274 sic
712 243 801 274 scribi
823 243 914 273 tradit
935 243 966 273 in
983 241 1059 274 Cod.

181 283 363 323 Trajectino.

225 328 341 364 Crater,
357 328 395 358 ad
406 329 470 358 Att.
489 328 534 367 II,
552 330 583 366 8,
599 329 657 359 fuit
672 328 754 358 sinus
768 328 846 358 inter
861 328 1018 358 Misenum
1033 333 1063 358 et

181 370 330 400 Minervae
354 372 593 412 promontorium
620 372 859 407 amoenissimusg
884 371 921 401 de
945 381 1007 411 quo
1033 381 1060 400 v.

180 413 318 443 strabon.
334 415 386 444 lib.
402 414 442 444 V.
468 415 506 444 In
522 425 555 444 eo
571 420 599 444 et
614 414 707 444 Baiae.

225 456 252 485 C
254 461 324 495 reta,
334 457 432 487 insula
448 457 554 487 Graeca
568 457 644 487 inter
660 457 804 497 AEgaeum
820 462 850 486 et
862 456 1062 497 Cyrenaicum

180 507 271 527 mare.

225 542 337 579 Cretes,
355 542 446 573 Tusc.
464 543 512 579 ΙΙ,
532 544 582 580 14,
598 542 703 572 incolae
720 541 827 573 Ctetae.

224 584 405 623 Crodmzum,
421 596 475 626 pro
487 586 604 616 Fontei.
621 587 652 622 5,
669 588 736 625 (pro
752 595 812 626 quo
827 585 878 614 ah'i
896 585 1064 615 Crodz'mum

178 626 298 667 legunt)
316 628 398 658 locus
412 629 471 658 fuit
486 630 628 658 obscurus
643 628 675 657 in
690 628 843 668 provincii).
858 627 972 666 Gallia,
988 626 1063 657 forte

179 678 240 699 non
253 671 357 710 procul
368 670 491 700 Tolosa.

226 714 489 754 Crommyu-Acra‚
511 713 549 744 ad
564 714 636 743 Div.
654 712 736 751 XII,
756 714 807 750 13,
822 712 1062 753 promontorium

181 755 275 795 Cypri
291 758 452 795 (Κρομμυου
463 761 538 797 Ακρα
551 756 635 794 Gn),
647 762 749 786 contra
760 756 978 794 Anemurium,
994 765 1063 796 pro-

180 798 367 828 montorium
384 798 506 828 Ciliciae.
524 800 564 829 V.
581 799 696 830 Victor.
709 798 748 828 ad
762 799 792 828 h.
809 799 830 828 1.

227 842 342 877 Croton,
371 841 409 870 ad
433 842 499 871 Att.
523 841 581 876 IX,
606 845 657 879 19,
674 842 746 871 urbs
760 841 790 870 in
808 841 956 872 Bruttiis:
981 839 1063 870 unde

185 884 371 921 Crotonialoe,
387 884 424 914 de
440 884 558 914 Invent.
576 884 622 922 II,
645 885 669 914 1.

226 928 415 956 Crustumina
425 927 532 965 tribus,
550 928 653 958 Plane.
673 930 721 957 16.

226 969 346 999 Cal-17¹0.
363 969 404 999 V.
423 970 535 999 Civaro.

227 1013 342 1049 Cumae,
369 1014 441 1042 urbs
463 1012 660 1053 Campaniae;
683 1013 764 1042 unde
795 1013 932 1050 Cumani,
959 1012 1064 1042 incolae

182 1054 275 1093 urbis,
287 1060 315 1084 et
329 1056 478 1085 Cumanus
492 1065 572 1095 ager,
588 1056 665 1094 Agr.
683 1054 729 1093 II,
747 1058 798 1085 526.

223 1098 398 1135 Cumanum,
429 1098 466 1127 ad
492 1100 557 1127 Att.
583 1096 644 1136 IV,
669 1101 719 1136 10,
745 1097 895 1139 praedium
922 1097 1061 1138 Pompeii

178 1151 271 1180 prope
286 1140 411 1170 Cumas.

222 1184 399 1218 Cumanum,
416 1183 510 1213 Acad,
528 1183 556 1220 Ι,
576 1184 604 1221 l,
620 1183 769 1223 praedium
784 1183 940 1213 Varronis.

223 1227 328 1262 Cures,
349 1225 388 1255 ad
410 1225 482 1255 Div.
504 1225 581 1263 XV,
599 1229 652 1262 20,
676 1227 748 1255 urbs
772 1225 954 1256 Sabinorum
977 1225 1062 1266 prin-

178 1279 266 1308 ceps;
283 1268 364 1297 unde
381 1269 471 1298 Cures
486 1268 596 1297 Sabinae
612 1268 762 1298 dicuntur.

222 1312 338 1349 Cybirn,
357 1310 388 1340 in
404 1311 491 1340 Verr.
513 1310 555 1348 V,
583 1313 632 1346 13,
651 1310 808 1350 oppidum,
825 1309 908 1349 quod
933 1310 972 1340 ab
995 1309 1061 1340 aliis

176 1354 214 1383 ad
234 1352 391 1392 Pisidiam,
408 1355 445 1383 ab
468 1353 533 1383 aliis
551 1353 590 1382 ad
613 1352 792 1393 Phrygiam,
813 1352 938 1382 refertur
956 1363 966 1389 3
990 1352 1062 1393 quia

178 1402 222 1426 est
238 1396 298 1426 fere
313 1395 345 1425 in
357 1395 495 1427 confinio.
519 1395 603 1426 Hinc

222 1439 378 1478 Cybiratoe,
400 1439 431 1467 in
453 1438 540 1469 Verr.
567 1437 609 1475 V,
639 1442 697 1474 183
721 1438 759 1468 ad
783 1438 848 1469 Att.
873 1437 915 1476 V,
942 1441 982 1474 23
1007 1437 1060 1478 qui

177 1483 300 1511 venatus
315 1481 439 1511 studiosi
454 1486 482 1510 et
497 1481 585 1521 periti
605 1487 700 1519 erant,
719 1481 941 1521 pantherasque
963 1480 1061 1521 capie-

178 1525 271 1554 bant:
296 1523 376 1553 unde
394 1525 537 1563 Cybiratae
548 1524 711 1562 pantherae.
734 1523 813 1553 Item

222 1567 416 1605 Cybirattcus,
430 1566 468 1596 ad
485 1566 550 1596 Att.
564 1565 606 1603 V,
623 1569 676 1602 21,
693 1572 722 1596 et
733 1566 798 1595 aliis
813 1565 896 1596 lociS.

220 1610 366 1649 Cybistra,
379 1609 417 1638 ad
428 1608 499 1638 Div.
514 1609 590 1645 XV,
602 1612 633 1647 2,
647 1612 678 1646 4,
691 1609 838 1649 oppidum
850 1607 1057 1649 Cappadocia?-

222 1652 354 1691 Cydnus,
370 1652 484 1681 flumen
495 1651 526 1681 in
542 1650 660 1688 Cilicia,
674 1651 756 1682 Phil.
772 1651 819 1689 II,
839 1653 888 1680 ll.

223 1696 354 1733 Cymaeus
367 1695 497 1735 flendus,
518 1704 573 1734 pro
589 1694 672 1724 Flac.
689 1696 742 1731 20,
759 1694 797 1724 ad
811 1694 930 1734 Cymen,
949 1693 1059 1723 AEoliae

177 1737 333 1780 oppidum,
