1137 1848
320 88 469 120 INDEX
493 87 782 120 HISTORICUS.
935 86 995 117 183

142 173 331 214 Chaerippus.
356 174 429 206 Vid.
445 175 613 214 Cherz'ppuS.

142 218 280 253 Clzoeron,
307 217 377 248 Att.
398 217 460 256 VI,
485 219 515 247 2.
548 217 686 256 Graecus,
713 215 767 258 qui
789 215 943 246 inducitur
961 215 994 245 in

102 259 270 290 Dicaearchi
285 260 371 290 libro.
397 261 435 290 V.
453 261 484 290 in
500 262 716 291 Dicaearelzus.

141 304 260 340 Chares,
278 303 353 334 Her.
376 303 438 341 IV,
455 304 485 333 6.
510 304 620 344 Lyndo
636 303 795 340 oriundus,
817 300 991 338 statuarius,

98 345 228 386 Lysippi
243 346 419 386 discipulus,
444 347 498 387 qui
521 346 668 377 celebrem
692 346 780 375 illum
797 345 875 375 Solis
895 344 991 374 colos-

97 398 166 418 sum
182 389 352 425 Rhodium,
374 389 428 429 qui
446 390 524 419 inter
547 396 662 430 septem
680 388 828 419 miracula
846 397 988 417 numera-

97 432 197 469 batur,
219 431 298 462 fecit.
319 432 398 461 Plin.
415 432 580 469 XXXIV,
603 434 632 462 8.
654 433 676 463 ,J
680 432 770 462 unius
792 431 824 461 in
840 430 987 470 Catalogo

103 474 275 512 Pictorum,
293 476 350 505 διο.

145 518 345 554 Charidemus,
362 518 451 548 Verr.
469 518 517 555 II,
534 519 586 548 20.
604 517 710 548 Chius.

141 561 303 595 Charisius,
318 561 408 591 Brut.
425 562 476 590 83.
493 567 592 591 orator
609 561 741 598 Atticus,
762 560 877 590 multas
898 557 991 589 orati-

98 613 170 633 ones
185 602 251 633 aliis
266 603 392 644 scripsit.
417 603 543 643 Lysiam
556 604 674 634 volebat
688 603 810 633 imitari.

143 647 325 683 Charmidus,
343 646 389 676 vel
407 647 594 682 Charmadas,
610 646 708 676 Acad.
726 646 786 683 IV,
798 647 827 676 6.
854 645 989 676 Carnea-

99 688 145 719 dis
173 688 290 718 auditor
303 699 312 725 3
339 688 501 729 eloquens3
527 689 643 729 (vulgo,
664 688 858 725 Carneades.)
884 687 998 718 Confer

102 732 140 761 de
156 731 243 762 Orat.
260 732 289 767 Ι,
306 740 335 761 et
355 731 397 761 ibi
416 732 585 762 Pearcium.
601 732 670 761 add.
692 732 792 762 Vales.
814 730 946 761 Emend.
965 730 993 767 Ι,

103 776 154 805 29.
172 780 200 804 et
214 774 257 803 ibi
274 774 342 804 Pet.
360 775 588 804 Burmannum.
616 775 704 805 Orat.
716 775 812 811 XVI,
830 784 846 804 e
863 773 998 804 Carnea-

102 817 148 847 dis
157 817 272 856 judicio
288 817 392 846 eadem
408 817 513 847 eodem
529 817 621 847 modo
637 817 740 847 docuit
755 827 883 858 semper.
906 816 998 847 Orat.

103 860 152 898 II,
167 861 217 889 88.
242 860 334 890 Tusc.
354 859 380 897 I,
398 861 448 889 24.
460 860 563 890 divina
578 860 724 890 memoria
739 860 808 890 fuit.

147 904 322 938 Charondas,
338 903 414 943 Leg.
437 904 465 941 I,
487 904 540 933 22.
555 903 708 944 legislator
725 902 945 934 Catanensium
967 906 998 931 et

106 945 238 976 aliorum
255 945 440 976 Siculorum.

147 990 299 1025 Chelidon,
309 989 346 1019 ·V
348 999 404 1019 err.
416 988 465 1026 II,
481 989 534 1025 40,
553 988 609 1019 &a
622 989 768 1020 meretrix
783 988 899 1021 Verris.

145 1033 260 1072 Chelys,
282 1031 320 1062 de
336 1032 377 1062 N.
396 1032 438 1061 D.
457 1032 504 1069 II,
522 1033 572 1062 44.
595 1032 686 1062 sidus.

150 1077 317 1113 Cs'zerippus,
334 1075 373 1104 ad
389 1075 460 1105 Div.
478 1074 560 1111 XII,
572 1077 622 1104 22.
636 1075 668 1105 it.
682 1077 732 1106 30.
750 1086 820 1106 cum
833 1073 996 1105 Cornificio

105 1119 137 1148 in
152 1118 260 1148 Africa
276 1117 343 1148 fuit.
368 1118 434 1148 Att.
452 1117 513 1153 IV,
530 1119 559 1152 7.
583 1118 625 1156 V,
645 1120 675 1148 4.
706 1119 769 1156 Qu.
795 1119 845 1148 Fr.
864 1117 893 1153 Ι,
920 1118 947 1146 l.
964 1118 995 1146 4.

102 1161 140 1192 de
155 1161 275 1191 cohorte
286 1161 426 1201 praetoria
441 1160 481 1198 Q.
503 1159 656 1192 Ciceronis
671 1162 702 1191 in
719 1161 795 1192 Asia
810 1160 878 1190 fuit.

150 1205 271 1240 chilias,
285 1205 355 1234 Att.
372 1204 401 1244 Ι,
418 1207 448 1235 9.
470 1205 516 1233 12.
532 1207 640 1244 po'e‘ta:
667 1205 692 1234 si
708 1211 810 1235 tamen
824 1203 912 1234 lectio
927 1212 998 1233 vera

110 1252 164 1278 est.

148 1290 240 1323 Chilo,
255 1289 296 1328 Q.
313 1289 364 1319 Fr.
383 1290 411 1328 I,
434 1291 464 1319 2.
488 1289 558 1320 vid.
580 1290 672 1320 etiam
692 1291 766 1321 Cilo.
784 1290 858 1320 item
874 1287 940 1327 ΙΙΙ,
963 1287 991 1317 1.

110 1333 299 1364 architectus.

150 1377 296 1411 Cin-estus,
310 1375 349 1405 ad
364 1374 437 1405 Div.
452 1375 500 1413 II,
518 1376 547 1405 8.
562 1376 655 1405 homo
670 1377 825 1406 obscurus.

150 1419 316 1455 Chrztilius,
332 1418 422 1448 Brut.
436 1419 488 1452 74.
506 1429 523 1448 a
540 1417 576 1449 C.
594 1419 688 1448 Rufio
700 1424 864 1449 accusatur.

151 1462 283 1500 Chryses,
297 1460 384 1491 Orat.
400 1461 451 1490 46.
477 1461 633 1501 Apollinis
648 1462 782 1492 sacerdos
797 1472 845 1502 ap.
862 1460 990 1491 Homer.

111 1504 202 1534 Iliad.
223 1509 256 1533 A.

152 1548 337 1586 Chrysippus,
355 1545 442 1577 Orat.
464 1546 492 1583 I,
516 1547 562 1576 12.
593 1546 724 1577 Solensis
746 1546 841 1584 Cilix,
858 1545 996 1577 acutissi-

109 1600 190 1625 mus,
206 1589 257 1619 sed
272 1589 304 1618 in
319 1589 444 1619 dicendo
460 1589 546 1619 exilis
563 1594 591 1618 et
608 1590 742 1628 jejunus.
765 1589 863 1620 Acad.
880 1590 929 1625 II,
945 1589 998 1618 23.

109 1633 238 1664 Stoicus.
253 1631 291 1661 de
306 1632 374 1662 Fat.
400 1633 430 1667 7.
452 1631 617 1672 discipulus
641 1631 808 1671 Cleanthis,
825 1643 842 1662 a
858 1642 919 1673 quo
938 1631 1000 1661 dis-

109 1675 209 1705 sentit.
224 1674 264 1704 ad
278 1674 350 1705 Div.
367 1674 430 1711 IX,
448 1675 477 1704 4.
495 1675 559 1713 ejus
580 1674 617 1705 de
632 1675 824 1716 possibilibus
839 1674 998 1705 sententia.

108 1717 210 1749 Aead.
228 1717 276 1755 II,
291 1718 342 1747 24.
361 1723 464 1748 contra
487 1727 590 1748 sensus
610 1718 766 1759 disputatg
791 1717 843 1749 sed
857 1728 892 1748 ea
907 1717 999 1747 etiam

110 1760 256 1791 dissolvit.
271 1760 324 1797 27.
339 1766 438 1792 armat
455 1759 654 1792 Carneadem.
666 1763 718 1793 29.
733 1760 886 1803 quomodo
901 1759 1000 1791 soritae
