1122 1868
89 57 155 88 233
305 60 454 92 INDEX
477 61 765 94 HISTORICUS.

89 142 284 182 Macedonis,
310 145 349 176 L.
367 146 476 178 Pisone
498 149 686 188 proconsule.
713 148 792 187 Ejus
805 146 883 179 forte
896 144 980 178 filius

89 191 134 216 est
150 186 191 224 Q.
209 187 359 227 Fufidius,
376 191 416 228 Q.
433 191 470 221 F.
486 191 524 221 ad
541 191 613 221 Div.
630 190 730 229 XIII,
751 194 799 221 11.

132 229 174 259 A.
193 229 307 269 Fusius,
331 233 370 263 ad
393 233 464 264 Div.
489 233 591 272 XIII,
609 238 639 264 2.
665 234 817 265 Ciceronis
837 232 979 270 intimus,

90 270 184 302 homo
199 273 344 305 eruditus.

131 315 172 344 L.
199 316 316 353 Fufius,
343 319 433 349 Brut.
460 320 512 350 49.
536 321 587 350 62.
615 319 704 350 Offic.
731 318 778 356 II,
803 320 851 350 14.
878 315 978 360 qualis

86 364 195 388 orator.
212 359 357 391 Manium
377 362 554 402 Aquillium
575 369 702 393 accusat.
722 362 771 393 Cf.
784 362 840 393 Or.
860 361 907 397 ΙΙ,
924 364 977 391 22.

87 398 153 437 ΙΙΙ,
179 404 226 432 13.
253 403 312 433 Sed
329 404 375 434 his
398 405 469 435 locis
489 406 639 446 plerisque
660 412 703 436 est
730 406 848 436 Fusius.
882 405 977 435 Recte

88 449 204 479 autem,
226 451 293 485 post
315 447 403 486 alios,
424 448 543 478 monuit
569 448 719 485 Pecu-cius,
739 448 777 478 ad
797 448 835 478 de
855 447 911 478 Or.
931 445 979 483 II,

87 489 141 523 22,
171 486 323 519 Ciceronis
345 491 532 531 temporibus
550 491 651 521 nullos
675 491 775 521 Fusios
798 491 901 527 fuisse,
926 489 978 519 sed

87 528 260 568 invaluisse,
288 537 321 561 ut
351 533 436 562 Furii
461 533 642 571 dicerentur,
669 539 705 564 ut
730 543 820 564 nemo
849 533 978 563 Valesius

85 571 215 609 dicebat,
232 580 285 603 aut
302 574 449 612 Papisius,
473 576 526 606 sed
547 577 677 606 Valerius
698 582 728 606 et
745 577 890 615 Papirius.
913 576 979 606 Fu-

75 614 140 653 fius
155 622 257 646 autem
282 623 312 647 et
340 619 447 648 Fusius
470 618 502 647 in
526 619 610 649 libris
630 617 783 649 Ciceronis
804 629 883 659 saepe
906 627 977 648 con-

86 655 187 695 fundi,
204 659 302 690 sciunt
317 670 433 698 omnes,
450 661 505 702 qui
525 662 573 692 vel
587 662 692 692 leviter
708 662 883 692 Ciceronem
898 666 978 691 trac-

88 698 203 731 tarunt.

133 743 169 778 Q.
194 744 297 784 Fufius
321 746 457 776 Calenus.
483 745 523 776 ad
544 746 616 777 Div.
638 747 682 785 V,
705 747 735 776 6.
758 746 828 777 trib.
851 746 895 788 pl.
922 745 973 778 M.

87 784 195 816 Pisone
215 793 244 817 et
268 787 317 817 M.
342 789 479 819 Messala
502 799 574 820 coss.
601 789 682 820 Phil.
708 789 806 829 VIII,
822 793 853 821 3.
868 799 975 830 pacem

84 838 156 858 cum
173 829 308 860 Antonio
323 832 436 862 suadet.
461 832 552 863 Patre
564 833 589 872 ej
595 843 628 862 us
641 833 745 863 Cicero
756 842 829 863 usus
844 839 888 863 est
902 831 978 862 ado-

84 871 206 902 lescens.
232 873 486 913 Reprehenditur.
504 876 569 905 Att.
584 875 613 913 1,
626 877 656 905 6.
669 876 768 915 legem
779 875 817 906 de
830 874 975 915 religione

82 913 141 944 fert
156 925 210 955 pro
221 916 338 946 Clodio.
356 917 442 951 (Vid.
458 918 523 948 Lex
535 917 649 957 Fufia.)
665 918 738 948 ibid.
753 918 816 956 IX,
830 923 861 948 2.
878 918 978 948 Pom-

84 957 190 998 peium
209 964 238 989 et
253 966 391 990 senatum
407 967 537 991 accusat.
562 961 603 991 V.
620 972 711 1002 supra
726 962 757 991 in
776 961 910 991 Calenus.

131 1000 163 1029 C.
183 1001 347 1039 Fulcinius,
372 1004 454 1034 Phil.
471 1003 533 1041 IX,
551 1008 581 1034 2.
597 1005 714 1044 legatus
729 1005 941 1035 Romanorum
955 1013 977 1036 a

86 1041 181 1073 Larte
196 1044 367 1076 Tolumnio
382 1046 506 1077 Fidenis
521 1047 704 1078 interfectus.

128 1087 176 1115 M.
194 1088 362 1128 Fulcinius,
385 1100 440 1130 pro
456 1090 567 1120 Caecin.
584 1091 614 1120 4.
632 1089 872 1130 Tarquiniensis.

127 1130 342 1169 Fulvz‘niaseer,
365 1132 404 1162 ad
421 1133 486 1162 Att.
503 1132 586 1169 XII,
604 1134 654 1163 44.
671 1133 805 1163 imitator
826 1131 972 1162 Fulvinii.

83 1171 145 1202 Sed
165 1173 274 1203 rectius
297 1180 373 1204 esset
388 1175 513 1206 fortasse
528 1176 710 1212 Fulviaster,
732 1181 768 1205 ut
790 1174 975 1216 quibusdam

84 1214 155 1245 viris
170 1215 264 1246 doctis
279 1217 388 1257 placet,
405 1228 423 1247 a
440 1218 548 1248 Fulvio
564 1218 723 1248 Postumio
741 1216 921 1248 Caesariano.

126 1259 245 1295 Fulvii,
272 1270 327 1300 pro
352 1260 455 1291 Plane.
483 1262 512 1290 8.
535 1261 682 1301 originem
702 1260 818 1291 ducunt
833 1271 850 1291 e
871 1259 975 1290 muni-

84 1299 162 1340 cipio
178 1300 365 1333 Tusculano.
391 1304 514 1334 Primus
529 1304 589 1334 fuit
604 1304 643 1333 L.
657 1303 798 1340 Fulvius,
812 1303 918 1344 dequo
930 1308 976 1333 est

82 1342 166 1373 locus
181 1343 309 1375 difficilis
325 1357 374 1386 ap.
391 1346 472 1376 Plin.
490 1347 534 1376 H.
550 1347 592 1376 N.
610 1346 658 1377 VI
665 1347 691 1383 Ι,
706 1349 758 1376 43.
772 1346 809 1376 de
830 1356 891 1386 quo
911 1345 972 1376 vid.

85 1384 202 1416 Duker.
225 1387 263 1417 ad
288 1388 357 1418 Liv.
376 1388 474 1426 VIII,
496 1390 547 1425 37.
568 1390 705 1420 Stemma
729 1389 910 1419 Fulviorum
930 1394 976 1419 est

85 1438 134 1468 ap.
151 1429 255 1468 Sigon.
271 1431 310 1460 ad
327 1431 395 1461 Liv.
412 1432 486 1469 XL,
503 1436 555 1462 41.

127 1472 176 1500 M.
193 1473 324 1502 Fulvius
340 1476 472 1513 Flaccus,
492 1474 583 1506 Catil.
600 1474 628 1513 Ι,
658 1477 706 1506 ll.
722 1473 897 1511 consularis,
925 1473 974 1503 in-

82 1513 229 1544 terficitur
254 1526 325 1545 eum
350 1517 463 1555 liberis,
488 1518 570 1559 quod
585 1529 603 1548 a
627 1517 663 1548 C.
684 1517 820 1547 Graccho
836 1516 977 1546 triumvir

82 1556 114 1585 in
130 1556 231 1586 locum
245 1558 284 1587 T.
300 1559 399 1589 fratris
414 1562 587 1591 nominatus
602 1566 673 1591 erat.
698 1560 791 1589 Dom.
810 1560 860 1589 38.
877 1558 914 1588 de
929 1568 975 1588 se-

82 1601 170 1630 natus
185 1601 333 1631 sententia
347 1602 534 1642 interficitur,
552 1604 660 1633 domus
671 1602 813 1633 evertitur
828 1607 857 1631 et
872 1601 976 1641 publi-

81 1648 178 1680 catur,
205 1649 234 1673 et
254 1643 285 1673 in
307 1645 376 1674 area
398 1646 528 1685 porticus
554 1645 659 1676 Catuli
681 1645 857 1676 exstruitur.
881 1644 973 1674 Brut.

81 1685 133 1714 28.
147 1685 212 1724 ejus
235 1686 344 1727 scripta
362 1688 514 1726 exstitere,
536 1688 590 1719 sed
609 1694 644 1718 ut
659 1687 784 1718 studiosi
806 1687 973 1717 literarum.

83 1727 249 1759 AEmulum
266 1729 303 1759 P.
320 1729 451 1761 Decium
463 1731 580 1762 habuit.
603 1730 682 1762 Add.
698 1731 730 1760 in
746 1730 799 1760 M.
816 1729 953 1760 Flaccus.
