1122 1868
102 52 166 83 250
315 51 466 83 INDEX
489 52 778 85 HISTORICUS.

102 137 183 174 ciso;
207 147 278 167 eum
295 137 382 168 valde
403 140 511 179 probat
526 138 634 169 Varro.
659 137 708 169 Cf.
728 138 817 169 Orat.
833 138 864 168 6.
887 137 938 169 De
952 147 989 168 eo

57 192 69 204 ι
103 180 172 210 vide
200 180 308 210 collata
331 180 518 211 Ruhnkenio
547 181 586 211 ad
615 181 771 212 Rutilium
795 181 923 222 Lupum
951 180 990 211 de

102 222 236 263 Figuris,
247 233 277 263 p.
294 224 347 260 25,
364 234 425 265 seq.
469 229 473 234 “

145 266 180 295 C.
201 266 309 303 Heius,
333 266 420 297 Verr.
439 267 507 302 III,
525 269 555 297 5.
572 267 614 305 V,
628 268 657 297 2.
675 266 890 298 Mamertinus.

147 310 205 339 Cn.
222 308 331 345 Heius,
357 308 478 340 Cluent.
495 311 545 340 38.

146 351 276 386 Helena,
300 352 355 382 Or.
371 354 422 382 49.
440 352 520 382 Phil.
539 352 584 388 II,
601 353 652 381 22.

147 394 292 432 Helenus,
317 395 358 424 N.
377 395 417 424 D.
434 395 480 432 ΙΙ,
497 396 526 424 3.
552 396 646 434 Legg.
666 395 713 433 II,
731 396 777 426 13.
802 395 874 426 Div.
889 395 917 433 I,
934 396 986 427 40.

101 448 199 478 augur
222 438 436 476 Trojanorum,
455 438 569 468 Priami
585 438 673 468 filius.

148 480 306 517 Helenius,
332 481 396 510 Att.
426 481 467 517 V,
497 484 543 510 12.
571 481 798 520 grammaticus,
824 481 915 512 cliens
931 482 989 511 At-

103 522 165 559 tici,
181 523 359 564 cognomine
384 523 474 561 Acro,
492 524 607 564 scripsit
627 525 856 554 commentarios
879 525 910 554 in
927 525 990 554 Te-

102 566 245 603 rentium,
271 566 325 606 qui
354 566 435 606 apud
466 573 577 596 veteres
602 567 813 606 grammaticos
837 567 990 597 interdum

101 608 241 639 citantur.
267 609 339 640 Vid.
367 619 395 639 v.
419 619 442 639 c.
459 619 489 649 p.
506 611 557 639 95.
584 609 654 639 101.
674 609 742 639 105.
763 610 833 644 173.
859 611 916 640 &c.
940 610 987 641 ed.

102 651 228 681 Putsch.

144 695 264 731 Helico,
287 694 326 724 ad
341 693 413 724 Div.
432 693 527 732 XVI,
548 697 597 725 18.

144 738 341 773 Hellanicus,
366 737 422 767 Or.
435 736 479 773 II,
501 740 547 767 12.
563 736 720 768 historicus
735 737 837 768 minus
848 738 986 769 disertus.

101 779 159 809 Est
174 779 382 820 Mitylenaeus,
400 790 422 809 s.
440 780 580 817 Lesbius,
596 780 751 810 Herodoto
766 781 918 821 antiquior
933 781 989 811 ali-

99 823 283 862 quotannis.
309 823 389 853 Gell.
409 822 486 859 XV,
506 824 556 858 27.
581 823 654 853 Fuit
678 829 707 852 et
727 823 815 861 alius,
832 824 986 855 Milesius.

99 864 150 895 De
165 865 217 895 illo
232 866 291 896 vid.
310 865 397 895 Voss.
414 865 497 895 Hist.
517 866 570 895 Gr.
584 866 612 903 I,
633 867 658 895 l.
672 865 709 895 de
720 872 859 907 utroque,
878 866 939 905 IV,
955 869 989 898 5.

142 908 243 945 Helle,
267 908 320 939 Or.
337 910 388 939 49.
402 919 419 937 a
434 909 496 948 qua
512 909 730 949 Hellespontus
745 909 862 939 dicitur.

141 950 284 982 Helmius
308 953 456 989 Mancia,
481 952 536 982 Or.
566 951 611 988 II,
636 952 685 981 66.
711 951 803 982 homo
827 952 983 991 deformis,

98 993 150 1024 sed
164 1001 262 1024 orator
277 1000 388 1024 tamen.
411 994 449 1024 L.
475 994 600 1025 Caesaris
621 994 735 1024 dictum
759 995 790 1024 in
812 1005 892 1025 eum.
917 995 987 1026 Hoc

99 1036 216 1067 dictum
232 1037 270 1067 L.
288 1037 396 1067 Crasso
412 1037 519 1067 tribuit
535 1037 665 1075 Plinius,
682 1037 826 1076 XXXV,
843 1039 873 1068 4.

142 1082 182 1111 P.
202 1081 360 1110 Helvidius
377 1082 490 1118 Rufus,
515 1080 635 1110 Cluent.
653 1081 703 1115 70.
721 1090 810 1120 eques
828 1081 920 1111 Rom.

144 1122 265 1153 Helvius
287 1124 411 1153 Lamia.
434 1123 490 1154 Or.
515 1122 561 1159 II,
584 1123 633 1152 65.
655 1133 709 1163 pro
725 1133 786 1163 quo
802 1123 930 1163 Pighius
944 1124 989 1154 le-

97 1166 233 1206 gendum
248 1172 337 1207 putat
351 1167 462 1203 AElius,
479 1166 561 1206 quod
576 1166 686 1205 recepit
702 1165 852 1196 Pearcius.
874 1166 985 1197 Lamia

98 1208 180 1238 enim
196 1214 239 1239 est
251 1219 417 1249 cognomen
433 1209 599 1247 AEliorum,
613 1218 673 1238 non
690 1208 881 1238 Helviorum.
906 1209 987 1239 Ora-

99 1256 146 1281 tor
171 1251 335 1282 deformis:
360 1257 463 1282 contra
484 1251 671 1281 Aculeonem
691 1251 780 1281 affuit
796 1251 986 1283 Gratidiano.

142 1293 327 1335 Heplzoestus,
351 1294 389 1324 ad
405 1294 446 1332 Q.
467 1294 518 1324 Fr.
534 1294 563 1332 Ι,
580 1295 610 1324 2.
626 1295 656 1323 2.
672 1294 868 1334 Apainensis,
885 1295 922 1325 de
936 1295 978 1333 Q.

99 1336 244 1367 Cicerone
258 1337 402 1378 queritur.

143 1380 300 1417 Heracleo,
317 1380 403 1410 Verr.
420 1380 483 1417 VI,
504 1380 556 1415 37.
571 1379 761 1420 archipirata,
778 1380 843 1420 qui,
858 1386 986 1421 praetore

98 1421 206 1459 Verre,
223 1422 357 1453 Siciliam
373 1423 502 1452 vexavit.

139 1466 323 1503 Heraclides,
341 1465 505 1496 Temnites.
531 1466 629 1496 Flacc.
650 1469 698 1497 18.

140 1506 322 1545 Heraclides,
347 1508 500 1539 Ponticus.
523 1509 615 1538 Tusc.
644 1508 675 1537 V
677 1531 686 1546 ,
717 1509 746 1538 3.
770 1507 842 1537 Div.
869 1509 898 1545 I,
929 1510 981 1539 23.

98 1549 145 1581 vir
168 1550 200 1579 in
215 1550 321 1590 primis
337 1551 454 1587 doctus,
470 1551 590 1581 auditor
610 1556 640 1581 et
653 1550 818 1591 discipulus
836 1551 983 1581 Platonis.

97 1593 172 1623 Nat.
189 1591 231 1622 D.
255 1592 284 1629 Ι,
310 1597 355 1623 13.
381 1594 491 1624 fabulis
513 1594 605 1624 libros
627 1594 752 1630 refersit,
786 1593 876 1623 modo
892 1604 984 1624 mun-

95 1635 182 1673 dum,
197 1634 289 1665 modo
313 1636 424 1671 stellas,
447 1637 538 1667 modo
559 1642 670 1666 terram
689 1642 718 1666 et
737 1636 857 1674 coelum,
873 1636 978 1668 Deum

97 1677 178 1708 facit.
193 1676 290 1718 Legg.
308 1678 375 1715 III,
393 1679 423 1707 6.
437 1679 474 1709 de
489 1679 660 1719 Republica
675 1677 801 1719 scripsit.

135 1720 314 1759 Heraclitus,
342 1720 505 1762 Ephesius.
539 1722 634 1753 Tusc.
665 1721 708 1758 V,
737 1722 789 1751 36.
819 1721 975 1762 physicus.
