1122 1868
178 76 237 112 172
388 79 537 111 INDEX
561 81 848 113 HISTORICUS.

215 164 389 201 Canachus,
406 165 495 195 Brut.
515 167 563 196 18.
587 168 758 198 statuarius.
782 168 860 206 Ejus
884 167 971 207 signa
986 166 1058 207 rigi-

170 205 255 236 diora
278 214 359 244 sunt,
377 219 470 248 quam
491 216 525 239 ut
546 210 703 240 imitentur
725 210 892 240 veritatem.
915 210 995 240 Plin.
1015 209 1058 240 H.

172 248 215 278 N.
233 249 396 288 XXXIV,
410 253 439 280 8.
463 252 621 292 Sicyonius
633 253 699 282 fuit.
725 253 802 292 Ejus
812 263 902 292 opera
917 252 1058 293 quaedam

171 299 388 323 commemorat
402 294 493 324 etiam
517 296 648 326 Pausan.
669 307 698 336 p.
724 297 794 326 134.
811 297 882 331 472.
898 296 970 325 483.
985 296 1058 330 570.

174 334 247 369 730.
265 336 321 365 διο.
339 335 386 365 ed.
403 336 510 366 Kuhn.

216 379 412 417 Caneplzoroe,
429 379 518 409 Verr.
530 380 571 418 V,
588 381 618 410 3.
631 380 807 412 dicebantur
817 381 946 421 w'rgines
963 378 1061 411 Athe-

171 419 230 458 nis,
247 432 317 461 quae
332 421 363 450 in
380 422 470 452 sacris
488 422 605 454 Cereris
617 424 745 454 canistra
759 424 894 454 ferebant
909 424 941 453 in
957 423 1063 463 capiti-

170 463 237 493 bus.
261 466 375 494 Statuae
387 464 465 495 hanc
475 466 605 506 figuram
615 466 775 497 referentes
790 467 820 496 h.
831 467 852 496 1.
871 466 1059 505 Canephoroe

172 505 323 536 dicuntur.
348 507 398 537 De
418 506 617 550 Canephoris‚
642 520 669 539 v.
689 510 805 550 Spanh.
821 509 859 540 ad
877 509 1001 541 Callim.
1019 509 1062 539 H.

177 547 209 577 in
225 548 376 579 Cererem.

216 592 377 629 Canidius,
400 593 439 623 ad
455 594 526 624 Div.
545 594 589 632 X,
607 598 658 625 21.
675 595 792 636 legatus
808 595 921 636 Lepidi
938 593 1061 633 IIIviri,

175 640 230 663 aut
246 635 313 664 trib.
331 641 384 664 aut
399 636 497 666 simile
512 638 597 677 quid.

215 676 380 712 Canidius,
401 689 423 708 s.
435 680 548 719 potius,
568 686 603 710 ut
622 686 744 720 putant,
763 679 914 717 Calidius,
931 679 970 710 ad
985 680 1060 710 Div.

172 718 270 756 VIII,
288 723 317 750 9.
334 720 472 751 disertus.
494 722 640 753 Canidius
653 723 744 753 etiam
759 723 885 763 quidam
900 723 937 753 de
954 722 1064 763 Lepidi

172 762 303 792 exercitu
329 770 515 794 memoratur
535 765 574 795 ad
592 766 664 796 Div.
687 766 731 804 X,
756 770 808 796 21.
830 765 884 806 qui
903 765 995 805 legati
1010 771 1064 795 aut

171 805 286 835 tribuni
301 815 428 836 munere
442 807 566 838 functus
581 808 710 845 ridetur,
722 819 783 849 quo
794 819 867 838 usus
882 814 911 839 et
927 807 1064 849 Lepidus

174 847 213 878 ad
226 848 338 878 milites
353 849 532 888 incitandos,
548 856 583 881 ut
598 861 704 892 pacem
719 851 898 891 flagitarent.

217 891 251 920 C.
270 892 422 922 Caninius
446 893 566 930 Gallus,
599 894 638 924 ad
657 894 730 924 Div.
757 893 804 931 ΙΙ,
829 897 858 923 8.
878 905 896 925 a
917 893 1063 925 Cicerone

177 933 357 964 defenditur.
383 934 461 973 VII,
484 939 508 966 l.
529 937 643 967 amicus
664 937 714 966 Μ.
732 937 878 967 Varronis
893 943 922 967 et
946 936 1067 967 Cicero-

172 976 228 1006 nis.
258 975 319 1013 IX,
344 979 374 1007 2.
397 979 426 1008 6.
454 978 493 1008 ad.
520 979 591 1009 Div.
612 979 641 1017 Ι,
669 983 698 1009 2.
715 980 784 1010 trib.
814 979 857 1020 pl.
882 979 1065 1010 Marcellino

172 1026 202 1049 et
226 1019 371 1060 Philippo
393 1031 466 1052 coss.
482 1021 555 1052 ibid.
574 1025 728 1063 “tempus
738 1022 943 1053 Caninianum
956 1023 989 1052 :'’
1012 1022 1067 1053 ubi

178 1072 207 1092 v.
229 1063 350 1092 Manut.

221 1107 257 1135 Τ.
274 1107 428 1136 Caninius
453 1107 591 1137 Rebilus.
609 1107 674 1137 Att.
696 1108 777 1145 XII,
794 1109 846 1143 37.
862 1108 979 1148 legatus
997 1107 1066 1137 Cae-

173 1148 246 1178 saris
269 1147 301 1178 in
329 1149 440 1179 Gallia.
472 1150 527 1180 Ad
553 1150 627 1180 Div.
657 1151 687 1181 V
692 1151 739 1186 ΙΙ,
767 1152 818 1181 30.
845 1151 962 1181 Consul
984 1150 1064 1191 prid.

175 1190 241 1220 Cal.
258 1190 331 1221 Jan.
347 1201 427 1221 anno
442 1199 511 1222 ante
527 1200 656 1223 mortem
672 1193 809 1224 Caesaris.

218 1235 366 1264 Caninius
382 1235 508 1271 Satrius,
526 1237 596 1266 Att.
615 1236 641 1273 Ι,
662 1237 688 1265 l.

218 1278 249 1306 C.
270 1278 399 1314 Canius,
417 1277 480 1308 Off.
498 1277 562 1316 ΙΙΙ,
588 1279 636 1308 14.
658 1289 749 1319 eques
770 1278 930 1308 Romanus
946 1278 1062 1308 facetus

181 1325 210 1349 et
236 1319 381 1350 literatus.
405 1320 578 1361 Syracusa5‚
606 1321 722 1351 otiandi
747 1321 850 1358 causa,
873 1331 905 1351 se
930 1321 1070 1352 contulit.

177 1361 215 1391 de
231 1361 288 1392 Or.
305 1363 351 1400 ΙΙ,
369 1364 418 1393 69.
437 1364 490 1393 ubi
505 1364 609 1404 vulgg.
627 1364 739 1394 habent
761 1365 898 1394 cannia..

225 1407 407 1439 Canuleius,
426 1407 490 1436 Att.
507 1407 551 1441 X„
568 1409 598 1436 ὃ.

216 1448 257 1478 L.
276 1449 460 1484 Canuleius,
478 1449 509 1479 in
525 1449 614 1479 Verr.
636 1448 702 1486 ΙΙΙ,
719 1449 770 1484 70.
786 1449 817 1479 in
831 1455 922 1490 portu
938 1450 1070 1490 Syracu·

184 1499 257 1519 sano
273 1492 464 1531 publicanus.

221 1534 269 1562 Μ.
290 1536 468 1570 Canuleius7
487 1535 542 1564 ΒΓ.
559 1538 610 1565 92.

219 1578 337 1611 Canus,
355 1588 377 1606 s.
397 1578 520 1606 Kanus.
544 1578 610 1608 Att.
631 1576 731 1614 XIII,
753 1581 805 1608 31.
824 1582 868 1607 est
888 1577 929 1615 Q.
948 1577 1068 1609 Gellius

181 1617 296 1648 Canus.
322 1619 362 1648 V.
381 1619 592 1656 Tunstallum,
605 1631 635 1661 p.
659 1624 725 1651 162.

217 1662 255 1691 Ρ.
279 1663 444 1698 Canutius,
467 1663 521 1691 ΒΓ.
545 1665 598 1693 56.
621 1663 712 1694 homo
735 1663 874 1693 disertus.
898 1663 1068 1701 Subjecisse

173 1702 285 1734 dicitur
310 1705 347 1735 P.
372 1705 507 1744 Sulpicio
535 1711 657 1736 mortuo
683 1705 841 1736 orationes.
865 1705 987 1735 Cluent.
1019 1706 1069 1735 18.

174 1747 399 1777 Scamandrum
415 1752 543 1778 accusat.
560 1748 600 1778 ib.
622 1752 669 1779 10.
686 1754 839 1779 accusator
850 1747 1028 1789 Oppianici.
