1137 1848
289 88 440 120 INDEX
463 89 749 122 HISTORICUS.
902 89 964 119 403

83 183 150 204 carn
164 173 251 204 initio
265 175 338 205 belli
353 175 449 206 civilis
463 176 599 216 privatus
622 180 759 215 occupat,
778 183 848 204 cum
873 174 967 204 Italia

82 216 272 257 profugisset.
297 217 369 248 Vid.
386 218 499 250 Caesar.
520 218 557 248 de
577 219 657 248 Bell.
674 218 763 248 Civil.
782 216 809 255 I,
826 218 878 247 31.
904 217 967 247 Hic

82 266 127 289 est
142 259 178 288 P.
195 260 310 297 Attius,
327 261 392 291 Att.
409 261 489 299 VII,
510 264 558 291 13.

126 304 208 332 Sem.
234 304 342 339 Varus,
361 304 399 334 ad
417 304 490 334 Div.
512 304 555 340 X,
578 307 630 334 32.
658 303 820 343 Hispaniae
841 312 969 343 procon-

83 345 139 374 sul.
165 344 319 375 Ineertum
334 353 389 384 est,
400 347 453 388 qui
469 347 526 381 sit;
544 346 666 387 quando
682 348 765 377 Sext.
782 345 970 383 Quintilium

83 387 203 417 Varum
220 388 378 429 Hispaniae
393 390 602 431 proconsulem
617 389 708 419 fuisse
723 398 813 419 nemo
827 388 970 429 prodidit.

84 430 158 460 Vid.
174 431 298 461 Manut.
313 432 352 462 ad
367 433 397 462 h.
413 434 434 462 1.

128 475 166 504 Ρ.
192 475 348 513 Vastenus,
365 476 407 505 N.
425 475 466 505 D.
484 475 531 512 II,
548 478 577 505 2.
602 486 618 506 e
641 475 765 505 Castore
787 480 815 504 et
839 473 969 504 Polluce

84 516 211 553 audivit,
229 517 341 547 Persen
357 529 419 549 esse
434 519 558 548 victum.
584 518 620 548 Iu
632 518 716 547 libris
728 517 911 558 quibusdam
925 523 970 546 est

93 559 243 596 Vatinius,
260 560 342 600 quod
354 563 461 601 probat
476 561 630 596 Davisius,
647 561 700 602 qui
713 570 804 590 avum
814 570 884 589 eum
897 559 970 589 ado-

84 601 221 632 lescentis
239 604 273 632 P.
291 603 408 633 Vatinii
419 604 500 634 facit.

129 646 169 674 P.
195 647 222 674 V
219 647 351 684 annius,
366 647 469 677 Vatin.
484 648 510 676 1.
524 657 590 687 sqq.
607 647 637 676 in
654 645 713 686 qua
729 646 861 676 oratione
873 646 971 685 plera-

86 697 146 727 que
162 689 228 726 ejus
252 689 371 727 scelera,
388 689 538 730 imprimis
559 693 590 719 111
614 689 770 719 tribunatu
792 690 828 719 C.
853 688 974 719 Caesare

87 740 146 760 cOS.
163 738 311 771 suscepta.
328 739 612 762 commemorantur.
638 732 719 761 Phil.
731 732 773 768 X,
788 734 818 762 5.
840 732 972 772 impera-

85 778 132 802 tor
143 779 172 803 et
187 780 297 814 praetor
310 773 435 815 Illyrici,
447 774 632 816 Dyrrhachii
643 781 743 815 portas
753 774 848 815 aperit
859 775 970 810 Bruto,

87 822 117 846 et
132 817 159 846 ei
174 817 339 848 exercitum
356 818 455 847 tradit.
472 829 496 848 c.
514 820 543 847 0¹.
559 818 597 847 ad
610 817 681 847 Div.
698 817 741 853 V,
763 820 809 847 10,
825 827 923 857 augur
937 816 972 846 fit

85 859 117 888 in
132 859 234 889 locum
250 859 356 901 Appii.
374 861 416 897 V,
433 864 463 891 9.
486 860 673 901 imperatoris
694 860 819 900 epistola
830 859 867 889 ad
886 858 972 889 Cice-

86 912 203 939 ronem,
221 902 282 942 qua
296 903 383 943 petit,
406 911 442 933 ut
457 914 488 933 se
504 903 656 938 defendat,
676 910 706 932 et
720 902 970 943 supplicationem

86 944 230 975 conficere
245 946 373 976 studeat.
392 946 464 976 ibid.
483 945 510 983 l,
527 948 557 977 9.
582 957 600 976 a
622 944 765 976 Cicerone
788 944 971 983 defenditur,

88 994 118 1017 et
133 998 235 1027 quare.

137 1032 294 1068 Ver-tenus,
317 1033 386 1062 Ate,
404 1032 447 1069 X,
465 1035 494 1063 5.
513 1035 561 1061 ll.
587 1031 701 1061 amicus
719 1030 883 1067 Ciceronis,
900 1030 973 1060 Μο-

86 1073 192 1104 netalis
207 1075 386 1115 appellatur.
404 1075 452 1105 Cf.
463 1074 544 1111 XII,
556 1076 585 1104 3.
601 1074 677 1110 XV,
694 1076 741 1104 13.
752 1073 973 1114 Argentarium

85 1115 179 1146 fuisse
194 1128 232 1147 ex
247 1118 319 1148 locis
339 1118 397 1155 his,
416 1125 470 1148 aut
487 1118 695 1148 foeneratorem
718 1117 836 1154 saltem,
860 1116 973 1147 intelli-

85 1165 176 1199 gitur.

132 1202 165 1232 T.
190 1204 319 1242 Venias,
336 1205 437 1234 Flacc.
453 1205 505 1234 34.
522 1210 649 1234 senator.

131 1247 170 1275 P.
194 1249 314 1285 Vedius,
332 1249 397 1277 Att.
415 1248 457 1283 V,
479 1252 503 1277 l.
527 1246 666 1288 Pompeii
686 1245 856 1283 familiariS,
879 1245 973 1276 homo

86 1289 299 1328 nequissimus.

131 1332 178 1361 M.
203 1334 345 1369 Vehilius,
369 1333 450 1362 Phil.
474 1332 538 1369 III,
565 1334 614 1363 10.
635 1332 833 1373 provinciam,
856 1331 913 1362 sibi
934 1333 973 1362 ab

87 1373 225 1405 Antonio
244 1376 434 1412 attributam,
459 1383 577 1406 recusat
598 1376 741 1416 accipere.
766 1375 817 1404 Ex
838 1374 895 1404 1100
918 1384 973 1404 110-

84 1416 168 1447 mine
183 1418 308 1458 quidam
326 1420 453 1448 Velleius
467 1419 573 1455 fecere,
586 1419 668 1458 quod
680 1427 789 1447 nomen
804 1417 861 1447 hoc
873 1418 974 1446 notius

87 1466 182 1490 esset:
207 1467 311 1501 estque
337 1462 379 1491 ita
401 1461 433 1490 in
457 1461 612 1491 nonnullis
637 1461 828 1491 editionibus.
859 1460 976 1490 Vehilii

88 1502 180 1532 etiam
205 1503 237 1532 in
259 1504 410 1544 lapidibus
434 1504 566 1544 antiquis
592 1503 791 1544 reperiuntur.
817 1501 972 1533 Caeterum

86 1545 163 1574 nihil
175 1545 212 1575 de
226 1546 283 1576 hoc
299 1547 420 1577 Vehilio
435 1547 554 1587 uspiam
570 1557 619 1576 me
630 1547 727 1586 legere
742 1545 878 1575 memini.

137 1589 269 1626 Veiento,
281 1589 347 1619 Att.
358 1588 499 1626 V11‚3.a
508 1589 668 1619 decedente
680 1588 804 1625 Bibulo,
812 1587 975 1628 provinciae

85 1629 181 1670 Syriae
195 1632 364 1672 praefectus.
390 1633 425 1662 P.
443 1632 605 1661 Manutius
626 1638 807 1672 quaestorem
820 1637 908 1671 putat
923 1631 974 1660 fu-

86 1672 153 1703 isse.
176 1675 236 1705 Sed
256 1681 371 1705 constat
391 1675 570 1705 Sallustium
588 1674 743 1714 quaestoris
764 1674 865 1704 locum
888 1673 971 1713 apud

88 1715 239 1747 Bibulum
260 1717 435 1755 obtinuisse,
454 1717 492 1747 ad
508 1717 578 1748 Div.
598 1716 643 1753 ΙΙ,
671 1718 717 1752 17.
743 1717 851 1757 Itaque
874 1716 973 1755 magis

87 1758 195 1799 placet,
217 1770 287 1792 cum
308 1761 431 1802 Pighio,
457 1760 495 1791 ad
515 1761 557 1792 A.
586 1761 659 1798 703,
684 1760 820 1800 legatum
844 1764 970 1800 putare:
