1122 1868
134 43 197 78 374
342 41 494 73 INDEX
517 42 549 73 H
554 42 803 75 ISTORICUS.

133 127 327 158 Academicae
349 127 547 169 philosophiae
572 129 658 170 quasi
682 129 777 159 haeres
799 128 980 170 relinquitur
1001 141 1019 161 a

136 170 272 201 Platone.
289 170 344 201 Or.
357 170 421 209 III,
439 174 485 203 18.
496 172 539 201 nil
551 173 588 202 ab
605 172 766 202 Aristotele
780 171 927 202 dissensit.
946 173 1020 204 Nat.

137 213 180 243 D.
195 214 223 250 1,
237 216 267 244 3.
292 213 397 244 Deum
407 225 468 245 esse
479 215 542 245 vim
557 215 730 249 animalem,
743 215 846 245 omnia
854 222 1020 256 regentem,

137 256 252 286 statuit.

179 300 381 338 Spintlzarus,
394 301 463 330 Att.
475 299 574 338 XIII,
589 302 640 330 25.
654 311 756 331 servus
770 305 823 330 aut
834 300 959 332 libertus
968 301 1020 332 Ci-

139 351 262 372 ceroms.

178 386 286 424 Spina,
304 385 345 415 N.
370 385 411 415 D.
431 384 494 423 III,
511 387 562 416 20.
586 385 672 417 Deus
694 386 926 416 Romanorum:
951 397 1021 427 pro-

137 427 203 468 prie
213 428 323 458 fluvius
338 438 431 468 prope
443 429 586 459 Romam.

178 473 328 511 Spongia,
344 474 411 501 Att.
429 470 456 507 Ι,
478 475 524 502 16.
537 471 633 510 judex
649 471 680 501 in
693 471 808 510 judicio
822 470 971 503 Clodiano
982 472 1021 502 de

137 523 169 543 re
184 514 299 544 'aionez
325 523 435 544 nomen
456 513 572 544 fictum.

180 559 356 596 Spurinna,
384 556 423 587 ad
445 556 516 586 Div.
538 556 600 594 IX,
617 558 669 587 ⁶24.
692 555 797 587 Divin.
816 556 845 595 Ι,
861 558 915 588 52.
931 558 1023 588 haru-

139 612 152 631 s
179 611 225 630 ex.

156 612 219 673 PC.
236 644 392 678 Stalenus,
411 640 532 672 Cluent.
550 643 580 677 7.
594 651 649 682 pro
667 651 729 683 quo
744 647 773 672 et
782 642 845 681 alii,
863 643 1020 674 Staienus.

138 692 265 722 senator,
277 685 372 724 judex
387 685 418 714 in
431 685 546 724 judicio
560 685 708 721 Juniano,
726 685 808 725 apud
823 696 915 726 quem
930 697 1021 727 pecu-

139 729 190 759 nia
205 728 339 768 deposita
354 734 408 763 est,
426 728 487 768 qua
500 727 688 768 Oppianicus
701 728 818 766 judices
832 738 1023 769 corrumpere

142 772 287 802 voluerat.
311 771 432 801 Cluent.
449 772 500 800 24.
517 771 607 800 Brut.
624 771 674 800 68.
691 781 722 800 se
735 770 800 811 ipse
815 771 979 812 adoptavit,
996 777 1026 802 et

139 815 176 844 de
192 814 313 845 Staleno
329 814 451 843 AElium
465 813 544 843 fecit.
569 813 714 843 Furiosus
730 820 759 844 et
776 814 916 854 petulans
927 814 961 844 in
981 814 1029 844 di-

144 857 248 888 cendo.
272 856 351 897 Top.
367 858 421 886 20.
445 856 532 887 Verr.
551 855 616 891 III,
633 856 686 885 32.

183 902 319 936 Staseas,
346 899 578 939 Neapolitanus,
603 898 658 929 Or.
674 897 702 936 Ι,
723 902 776 929 22.
799 898 868 929 Fin.
886 900 929 937 V,
946 900 976 929 3.
997 906 1026 930 et

140 945 192 974 25.
217 942 444 984 Peripateticus,
457 943 511 983 qui
520 942 633 972 multos
647 951 742 972 annos
754 943 863 973 Romae
878 942 960 983 apud
975 942 1026 974 Μ.

144 987 290 1017 Pisonem
307 985 393 1015 vixit.

186 1030 345 1066 Statilius,
368 1028 458 1058 Rosc.
484 1027 572 1058 Com.
592 1028 640 1058 10.
664 1037 777 1058 nomen
800 1027 953 1059 histrionis
967 1038 1027 1059 non

148 1072 222 1103 adeo
237 1071 319 1102 boni.

187 1114 226 1145 L.
239 1115 394 1152 Statilius,
409 1111 500 1144 Catil.
517 1112 581 1152 ΙΙΙ,
598 1113 628 1142 3.
648 1112 745 1143 socius
760 1113 909 1144 Catilinae.

189 1158 230 1188 L.
258 1159 398 1188 Statilius
419 1158 556 1195 Taurus,
583 1156 649 1186 Att.
668 1155 750 1195 XII,
770 1159 818 1187 13.
846 1163 875 1187 et
904 1159 953 1188 14.
977 1167 1034 1188 au-

190 1211 212 1231 r.

189 1245 308 1275 Statius
325 1244 449 1280 Albius,
467 1242 588 1273 Cluent.
599 1243 650 1272 62.
667 1241 791 1273 colonus
805 1242 838 1272 in
850 1242 990 1273 Falemo.

187 1287 313 1324 Statius,
340 1286 379 1316 ad
402 1286 474 1316 Div.
492 1285 588 1323 XVI,
619 1286 667 1316 16.
691 1285 756 1315 Att.
779 1284 825 1322 II,
842 1286 874 1315 8.
890 1285 924 1316 it.
945 1286 988 1324 V,
1007 1289 1036 1316 1.

148 1330 230 1367 XII,
248 1332 277 1359 5.
301 1330 342 1367 Q.
352 1330 402 1360 Fr.
417 1329 444 1368 I,
463 1331 491 1358 2.
513 1332 540 1359 1.
550 1339 566 1359 e
581 1338 666 1359 servo
683 1327 724 1366 Q.
741 1327 895 1359 Ciceronis
909 1328 1035 1360 libertus

149 1372 393 1415 gratiosissimus.

193 1417 324 1452 Statius,
341 1415 397 1446 Or.
416 1413 462 1453 II,
480 1417 531 1445 64.

193 1459 229 1489 L.
247 1459 365 1489 Statius
380 1459 526 1496 λίανειις,
543 1457 624 1488 Phil.
641 1455 704 1494 XI,
727 1458 774 1488 12.
789 1467 806 1487 e
820 1456 952 1497 praetura
966 1468 1036 1498 pro-

150 1502 254 1532 consul
267 1501 497 1541 Asiae,Jubetu1·
510 1501 546 1531 C.
563 1500 666 1531 Cassio
680 1500 866 1541 provinciam
881 1505 911 1530 et
925 1501 1038 1530 exerci-

150 1550 218 1574 tum
242 1544 368 1574 tradere.
392 1544 481 1574 Adde
497 1543 579 1574 Vell.
596 1542 643 1580 ΙΙ,
657 1544 708 1579 70.
725 1542 762 1573 de
777 1543 841 1582 ejus
856 1542 948 1578 exitu,
963 1543 1037 1574 ibid.

150 1587 201 1622 77.
215 1597 307 1627 quern
317 1587 409 1617 etiam
421 1587 596 1628 Appianus,
607 1586 687 1616 Bell.
701 1585 769 1617 civ.
784 1591 813 1615 et
829 1585 892 1615 Dio
903 1584 1037 1625 Cassius,

154 1629 287 1660 tradunt.
311 1629 396 1659 Add.
412 1630 458 1661 W
461 1630 599 1670 esseling.
617 1629 694 1660 Obs.
709 1628 736 1667 Ι,
757 1630 804 1658 12.

195 1674 273 1702 Sext.
291 1674 422 1709 Statius,
439 1675 507 1703 Att.
524 1671 586 1708 VI,
611 1676 638 1703 l.
663 1670 891 1704 commendatur
913 1682 931 1702 a
947 1672 1039 1702 Pom-

156 1715 225 1755 peio
242 1715 391 1754 Ciceroni,
408 1722 444 1746 ut
458 1715 618 1755 praefectus
630 1715 692 1745 fiat.
