1122 1868
169 68 227 99 104
338 71 485 102 INDEX
509 73 875 106 GEOGRAPHICUS.

207 156 451 195 Pompeianum,
468 158 506 188 ad
520 162 588 189 Att.
606 160 635 196 Ι,
659 160 712 197 20,
733 159 881 200 praedjum
897 161 1049 192 Ciceronis

163 197 195 227 in
219 208 291 239 agro
318 199 518 241 Pompeiano.
551 201 650 232 Aliud
673 208 716 232 est
740 204 982 242 Pompeianum,
1008 204 1048 234 ad

165 240 237 270 Div.
262 240 339 279 VII,
366 244 398 279 3,
426 244 575 284 praedium
597 244 712 281 Marii3
744 251 783 283 et,
807 246 846 276 ad
868 248 938 278 Att.
955 247 994 283 V,
1017 248 1048 284 1,

166 283 277 314 Pansae
286 285 443 324 praedium.
461 286 614 317 Dicuntur
625 298 643 317 a
653 289 822 327 Pompeiis,
832 290 944 331 oppido
955 289 1051 320 Cam-

166 326 274 367 paniae,
291 333 325 356 ut
352 330 547 369 Pompeiani,
561 330 637 360 Suu.
655 331 705 360 21.

209 370 406 409 Pomtinum,
428 382 552 413 campus
576 373 657 402 Latii
672 373 703 403 in
720 373 853 405 Volscis:
878 375 950 405 item
973 385 1050 416 prae-

167 411 253 442 dium
268 413 300 442 in
314 413 367 443 illo
381 424 462 454 agro.

212 457 374 493 Pomtina,
391 457 429 486 ad
444 458 511 488 Att.
527 458 586 495 IV,
606 458 656 497 15,
673 459 768 490 tribus
783 470 854 500 pop.
876 460 968 490 Rom.
985 470 1052 490 rus-

168 497 217 528 tic.
234 509 303 538 quae
318 505 347 529 et
364 501 514 537 Pontina,
530 501 568 530 ad
583 502 651 531 Att.
670 501 748 537 VII,
765 504 794 531 5.

214 542 344 578 Pontus,
360 543 440 582 regio
451 543 535 573 Asiae
550 543 588 573 ad
604 544 739 574 Pontum
754 544 927 576 Euxinum.

213 585 352 624 Popilia,
363 585 401 615 ad
412 585 481 615 Div.
497 586 595 625 vlu,
609 587 640 624 8,
657 587 753 617 tribus
763 588 921 618 rusticanae
930 599 1052 621 nomen.

216 628 373 665 Potentia,
391 628 468 658 Har.
484 629 576 669 Resp.
593 630 647 666 28,
663 629 745 660 locus
760 630 791 659 in
807 641 878 670 agro
894 631 1018 662 Piceno.

216 671 385 709 Praeneste,
401 671 547 712 oppidum
563 671 645 701 Latii
660 682 720 702 non
735 674 840 713 procul
851 674 963 705 Roma.

217 714 342 744 Pretius
367 715 464 751 lacus,
495 724 549 754 pro
572 714 643 744 Mil.
674 716 727 753 27,
750 715 781 745 in
803 715 937 747 Etrurifi.
955 716 1055 748 Graev.

174 756 310 795 Prelius,
327 756 409 797 quod
420 758 526 797 probat
538 756 648 787 Cellar.
670 757 710 787 G.
725 758 764 788 A.

217 801 346 836 Priene,
363 799 513 830 Paradox.
536 798 563 837 Ῑ,
584 801 656 830 urbs
671 799 777 830 Io'niae.

220 844 406 880 Privernas,
422 853 439 872 a
456 842 619 881 Privemm,
635 843 746 883 oppido
765 843 857 875 Latii.

220 885 396 924 Propontis,
411 895 494 915 mare
508 885 585 916 inter
599 885 660 916 duo
675 886 761 924 freta,
780 886 1014 928 Hellespontum
1030 893 1060 918 et

176 929 350 969 Bosporum
367 927 580 966 Cimmerium,
605 928 807 968 interjectum,
827 931 913 970 quasi
928 931 1060 961 vffltibu-

176 972 244 1002 lum
258 971 352 1001 Ponti
367 970 493 1001 Euxini.

220 1015 425 1054 Prytaneum,
449 1014 533 1044 loeus
556 1013 696 1052 Athenis,
722 1015 775 1045 ubi
801 1016 877 1045 bene
901 1015 1001 1046 meriti
1023 1015 1061 1047 de

176 1068 239 1099 rep.
254 1057 375 1098 publice
390 1057 557 1087 alebantur.

224 1101 435 1136 Ptolemaeam,
452 1099 490 1129 de
504 1100 572 1129 Fin.
588 1100 631 1138 V,
649 1102 679 1137 1,
695 1100 889 1140 gymnasium
903 1101 1045 1131 AtheniS.

223 1143 401 1179 Ρεοῖεῃιαϊδ,
417 1142 455 1172 ad
470 1142 542 1172 Div.
559 1141 589 1179 Ι,
606 1143 637 1179 7,
653 1142 800 1183 oppidum
813 1143 953 1184 AEgypti,
964 1142 1062 1174 Alex-

180 1186 293 1217 andriae
308 1185 525 1226 propinquum.

224 1229 419 1265 Punz'canus,
435 1238 489 1268 pro
501 1227 655 1265 Punicus,
670 1239 724 1268 pro
734 1228 820 1259 Mur.
831 1228 883 1258 36.
899 1228 1061 1260 Punicana

179 1273 332 1309 triclinia,
356 1270 486 1301 humilia
509 1276 538 1301 et
565 1271 631 1301 vilis
653 1271 795 1301 materiae.
827 1271 867 1301 V.
889 1272 998 1312 Scalig.
1023 1272 1062 1302 ad

179 1315 269 1345 Varr.
292 1315 331 1344 R.
347 1314 387 1344 R.
407 1312 473 1350 III,
489 1313 532 1349 73
556 1314 609 1344 ubi
630 1319 731 1344 tamen
741 1313 900 1354 fenestras
921 1315 1062 1345 Punica-

180 1370 237 1389 nas
247 1368 306 1388 non
317 1363 395 1387 recte
403 1356 591 1396 interpretari
601 1356 728 1387 videtur.
742 1357 996 1396 Plin.XXXIII‚
1011 1361 1061 1395 11,

183 1402 350 1431 Punicana
366 1405 592 1437 commemorat,
604 1399 654 1429 sed
670 1399 712 1429 ita
726 1406 761 1430 ut
775 1400 807 1429 'm
821 1400 858 1430 iis
873 1401 983 1441 species
997 1410 1064 1431 ma-

181 1444 239 1485 gis,
256 1453 348 1484 quam
364 1441 500 1479 materia,
517 1448 647 1482 spectata
662 1442 806 1473 videatur.

227 1486 376 1526 Pupinia,
397 1484 475 1525 Agr.
500 1485 550 1523 ΙΙ,
575 1486 629 1521 35,
654 1495 725 1525 ager
747 1486 856 1516 Romae
876 1486 1065 1527 propinquus

182 1539 284 1560 versus
300 1527 467 1564 Etruriam,
484 1538 532 1568 ap.
549 1528 632 1557 Varr.
649 1528 689 1558 R.
703 1528 744 1558 R.
761 1529 790 1566 I,
807 1530 838 1566 9,
855 1530 887 1565 5,
899 1528 1021 1560 Colum.
1034 1529 1065 1566 1,

184 1573 216 1609 4,
233 1573 262 1601 2.
286 1571 376 1600 Livio
395 1570 607 1609 Pupinz'cnsis,·
635 1581 653 1600 a
668 1581 729 1611 quo
744 1571 840 1601 tribus
858 1570 996 1611 Pupinia
1012 1581 1066 1602 no-

183 1625 255 1645 men
269 1613 369 1643 habet.

231 1657 362 1693 Puteoli,
384 1655 468 1685 locus
489 1655 698 1686 celeberrimus
719 1656 751 1686 in
771 1656 862 1686 veteri
876 1656 1011 1695 historia,
1034 1656 1064 1686 in

185 1698 365 1740 Campania,
386 1697 474 1727 hodie
501 1698 649 1728 Pozzuolo
662 1714 673 1734 ‚·
697 1698 777 1729 unde
797 1698 938 1729 dicuntur
955 1699 1067 1730 Puteo-

184 1744 272 1773 lani:
300 1748 329 1771 et
350 1741 565 1778 Puteolanum,
584 1740 622 1771 ad
643 1741 714 1772 Div.
731 1740 773 1774 V.
801 1743 849 1777 15,
869 1741 1014 1782 praedium
1034 1741 1064 1771 in

185 1795 257 1827 agro
274 1784 448 1816 Puteolano.
