1122 1868
119 64 182 96 264
332 65 481 97 INDEX
505 65 790 98 HISTORICUS.

167 151 207 182 D.
223 152 356 189 Laelius,
380 152 479 183 Flacc.
496 155 523 182 1.
549 161 668 184 accusat
689 152 727 182 L.
744 152 888 183 Flaccum
906 151 944 182 de
957 162 1004 183 re-

122 195 272 234 petundis.
293 197 362 225 Att.
378 195 478 233 VIII⁷
502 199 549 226 11.
565 207 583 226 a
606 196 752 236 Pompeio
768 205 837 225 curn
854 195 1004 225 mandatis

124 237 162 266 ad
177 248 250 267 coss.
270 238 453 268 Marcellum
475 237 503 269 et
519 239 685 269 Lentulum
709 238 848 278 Capuam
864 238 1005 268 mittitur.

124 279 202 319 Ejus
219 281 331 311 mentio
345 287 388 311 est
403 281 483 321 apud
501 281 578 312 Caes.
595 282 673 311 Bell.
692 280 758 312 Civ.
777 280 841 319 111,
863 282 932 311 100.

173 324 207 353 C.
229 329 257 353 et
272 325 325 353 M.
344 323 454 354 Loem'i.
479 325 516 354 V.
534 324 636 355 Ιεπίὶ.

171 366 206 396 C.
224 367 347 401 Laenas,
366 377 382 397 e
406 367 555 407 Popilliis‚
580 368 670 397 Balb.
698 369 745 397 11.
766 366 864 406 patria
884 367 1002 407 pulsus,

126 407 267 439 Nucen'ae
290 409 385 440 civem
410 420 440 440 se
465 409 529 439 fieri
555 417 647 441 curat.
670 410 724 440 Al.
742 411 781 439 P.
804 409 864 439 vid.
884 409 920 439 P.
943 410 1003 440 10-

115 452 236 490 pillius.

166 495 289 533 Laenas,
313 497 382 525 Att.
400 495 480 533 XII,
502 499 548 526 13.
564 497 616 525 14.
628 506 735 535 augur.

165 538 281 574 fietus,
305 539 371 568 Att.
398 539 457 576 lv,
483 541 512 570 9.
535 539 649 569 amicus
671 538 834 574 Ciceronis,
855 538 908 579 qui
923 538 1006 568 Nea-

124 579 187 620 poli
202 580 329 610 domum
344 582 470 615 habuit;
495 582 552 611 nisi
567 581 740 621 legendum,
764 581 876 611 Paetus.

166 624 328 659 Lcevz'nus,
345 624 372 652 V
375 635 430 654 err.
448 623 508 661 IV,
529 625 581 653 54.
602 630 712 664 praetor
731 624 848 654 Sieiliae.
870 623 1007 661 Quidam

125 674 180 694 scr.
204 667 363 696 Levinius.

166 709 286 744 Laevus,
311 710 434 748 Cispius.
459 709 498 739 ad
524 709 598 738 Div.
620 709 664 745 X,
689 709 736 738 18.
758 709 865 739 Planci
888 709 1006 749 legatus

124 749 192 780 fuit.
217 752 313 788 Nam,
339 762 386 792 ep.
416 756 467 782 21.
490 752 598 782 dicitur
622 751 763 781 omnibus
791 751 896 782 Planci
919 753 1008 781 rebus

124 793 214 832 gestis
236 794 426 825 interfuisse:
462 800 491 825 et
518 795 698 824 “discessus
724 794 914 834 legatorum'’
944 803 1006 824 non

124 842 220 876 potest
236 837 364 877 intelligi
379 838 436 867 nisi
455 838 492 867 de
508 837 601 867 Laevo
617 844 645 867 et
661 837 774 867 Nerva.

168 881 283 917 Laius,
301 880 396 910 Tusc.
414 881 475 917 IV,
492 881 543 909 33.
568 880 635 910 Fat.
654 880 703 909 13.
722 879 828 920 OEdipi
843 885 937 920 pater.

170 921 256 958 Lais,
280 922 318 952 ad
340 923 411 953 Div.
431 923 493 961 IX,
511 924 561 954 26.
585 928 717 953 scortum
741 923 870 952 Athenis
894 922 1006 960 nobile,

125 975 186 1005 quo
201 971 230 995 et
245 965 420 1006 Aristippus
435 976 508 996 usus
524 972 575 996 est.
600 965 678 1004 Ejus
693 964 808 995 dictum
823 965 861 995 de
876 965 922 996 ea.

167 1007 293 1045 Lamia,
311 1008 398 1038 Verr.
415 1009 457 1044 V
475 1010 525 1039 26.
542 1008 656 1039 femina
676 1008 847 1048 Segestana.

167 1049 203 1080 L.
222 1050 343 1088 Lamia,
371 1062 408 1082 ex
431 1052 531 1082 AEliis.
551 1052 589 1081 ad
613 1051 686 1080 Div.
710 1050 792 1087 XII,
815 1052 865 1082 29.
888 1049 1010 1090 negotia

126 1093 158 1123 in
173 1093 251 1124 Asia
265 1094 365 1124 habet.
381 1095 450 1125 Sen.
466 1106 496 1135 p.
513 1094 591 1124 Red.
608 1096 637 1123 5.
661 1094 743 1124 Sext.
760 1094 789 1123 3.
807 1103 898 1134 eques
914 1093 1006 1123 Rom.

123 1147 142 1166 a
166 1136 276 1167 Pisone
302 1136 461 1168 Caesonino
476 1147 556 1167 cons.
581 1137 612 1166 in
637 1136 777 1166 exsilium
803 1136 846 1166 ire
869 1137 1006 1175 jubetur,

125 1179 218 1220 quod,
239 1179 430 1210 manifestata
451 1180 655 1219 conjuratione
679 1177 830 1216 Catilinae,
851 1179 883 1208 in
900 1178 1008 1219 primis

125 1228 264 1252 senatum
287 1222 471 1259 defenderat
490 1229 520 1252 et
534 1223 566 1252 in
586 1223 663 1253 clivo
685 1221 856 1262 Capitolino
877 1227 1008 1251 steterat.

125 1264 164 1294 ad
192 1265 264 1295 Div.
288 1265 351 1304 XI,
379 1267 430 1297 16.
459 1245 507 1300 17.
531 1271 694 1306 praeturam
717 1264 803 1305 petit,
822 1263 959 1294 Antonio
979 1269 1009 1293 et

125 1307 289 1338 Dolabella
304 1319 376 1338 coss.
393 1318 485 1349 quam
502 1314 531 1338 et
546 1313 688 1348 sequente
700 1317 780 1337 anno
794 1307 903 1346 gessit.
927 1305 1010 1336 unde

127 1350 290 1381 Praetorius
313 1351 422 1381 dieitur
441 1351 557 1389 Plinio,
576 1349 656 1388 VII,
680 1353 731 1381 52.
748 1355 778 1380 et
792 1349 895 1379 Valer.
916 1348 1007 1378 Max.

170 1437 360 1475 Laomedon,
384 1438 478 1468 Tusc.
494 1437 522 1475 1,
540 1438 589 1466 26.
608 1436 794 1477 Ganymedis
808 1440 902 1476 pater.

170 1480 320 1518 Largius,
344 1481 400 1511 Or.
424 1479 470 1519 ΙΙ,
496 1483 548 1511 59.
567 1490 583 1510 e
599 1478 772 1516 Scriboniis,
788 1478 870 1508 idem
884 1485 1007 1515 nomen,

125 1522 205 1563 quod
224 1524 348 1558 Largus.

168 1565 306 1603 Largus,
331 1566 368 1596 ad
384 1566 455 1596 Div.
472 1565 532 1603 VI,
550 1567 579 1596 8.

167 1609 293 1644 λαστεδ,
321 1619 371 1639 seu
399 1610 500 1649 potius
529 1610 598 1639 Lar
625 1608 673 1639 vel
696 1608 787 1644 Lars,
813 1604 1008 1636 Tolumnius.

128 1649 213 1680 Phil.
230 1651 290 1684 IX,
306 1653 335 1681 9.
363 1662 415 1681 rex
432 1652 620 1688 Veientium,
642 1650 695 1691 qui
710 1656 840 1691 quatuor
860 1649 953 1678 Rom.
965 1647 1012 1677 le-

126 1699 212 1733 gatos
227 1693 349 1724 Fidenis
364 1694 524 1724 interemit.
548 1694 621 1724 Fuit
635 1699 737 1723 autem
757 1692 814 1722 hoc
836 1699 1013 1733 praenomen

126 1735 294 1776 dignitatis,
310 1742 340 1767 et
354 1737 476 1778 regibus
490 1737 632 1768 omnibus
646 1744 816 1767 commune.
