<?xml version="1.0" encoding="UTF-8"?>
<!DOCTYPE html PUBLIC "-//W3C//DTD XHTML 1.0 Transitional//EN"
    "http://www.w3.org/TR/xhtml1/DTD/xhtml1-transitional.dtd">
<html xmlns="http://www.w3.org/1999/xhtml" xml:lang="en" lang="en">
 <head>
  <title>
</title>
<meta http-equiv="Content-Type" content="text/html;charset=utf-8" />
  <meta name='ocr-system' content='tesseract 3.04.00' />
  <meta name='ocr-capabilities' content='ocr_page ocr_carea ocr_par ocr_line ocrx_word'/>
</head>
<body>
  <div class='ocr_page' id='page_1' title='image "./operaern12ciceuoft_0251.png"; bbox 0 0 1137 1848; ppageno 0'>
   <div class='ocr_carea' id='block_1_1' title="bbox 352 53 1028 90">
    <p class='ocr_par' dir='ltr' id='par_1_1' title="bbox 352 53 1028 90">
     <span class='ocr_line' id='line_1_1' title="bbox 352 53 1028 90; baseline 0.007 -5"><span class='ocrx_word' id='word_1_1' title='bbox 352 53 504 86; x_wconf 91' lang='lat' dir='ltr'>INDEX</span> <span class='ocrx_word' id='word_1_2' title='bbox 526 54 813 88; x_wconf 85' lang='lat' dir='ltr'><strong>HISTORICUS.</strong></span> <span class='ocrx_word' id='word_1_3' title='bbox 964 58 1028 90; x_wconf 84' lang='lat'>239</span> 
     </span>
    </p>
   </div>
   <div class='ocr_carea' id='block_1_2' title="bbox 133 139 1030 1770">
    <p class='ocr_par' dir='ltr' id='par_1_2' title="bbox 134 139 1030 473">
     <span class='ocr_line' id='line_1_2' title="bbox 191 139 1030 178; baseline 0.007 -10"><span class='ocrx_word' id='word_1_4' title='bbox 191 139 240 171; x_wconf 91' lang='lat' dir='ltr'>M.</span> <span class='ocrx_word' id='word_1_5' title='bbox 270 139 399 172; x_wconf 83' lang='lat' dir='ltr'>Fulvius</span> <span class='ocrx_word' id='word_1_6' title='bbox 430 139 572 178; x_wconf 77' lang='lat' dir='ltr'><strong><em>Nobilior,</em></strong></span> <span class='ocrx_word' id='word_1_7' title='bbox 606 140 732 172; x_wconf 88' lang='lat' dir='ltr'><strong>Muren.</strong></span> <span class='ocrx_word' id='word_1_8' title='bbox 765 145 813 172; x_wconf 82' lang='lat'>14.</span> <span class='ocrx_word' id='word_1_9' title='bbox 850 142 888 173; x_wconf 86' lang='lat' dir='ltr'>de</span> <span class='ocrx_word' id='word_1_10' title='bbox 916 143 1030 175; x_wconf 84' lang='lat' dir='ltr'>AEtolis</span> 
     </span>
     <span class='ocr_line' id='line_1_3' title="bbox 136 182 1030 227; baseline 0.003 -13"><span class='ocrx_word' id='word_1_11' title='bbox 136 182 316 224; x_wconf 77' lang='lat' dir='ltr'><strong>triumphat.</strong></span> <span class='ocrx_word' id='word_1_12' title='bbox 342 183 482 213; x_wconf 86' lang='lat' dir='ltr'>Provinc.</span> <span class='ocrx_word' id='word_1_13' title='bbox 508 183 544 214; x_wconf 92' lang='lat' dir='ltr'>C.</span> <span class='ocrx_word' id='word_1_14' title='bbox 571 185 602 214; x_wconf 87' lang='lat'>9.</span> <span class='ocrx_word' id='word_1_15' title='bbox 623 194 727 214; x_wconf 87' lang='lat' dir='ltr'>censor</span> <span class='ocrx_word' id='word_1_16' title='bbox 748 195 818 215; x_wconf 89' lang='lat' dir='ltr'>cum</span> <span class='ocrx_word' id='word_1_17' title='bbox 843 186 893 216; x_wconf 86' lang='lat' dir='ltr'>M.</span> <span class='ocrx_word' id='word_1_18' title='bbox 911 186 1030 227; x_wconf 84' lang='lat' dir='ltr'>Lepido</span> 
     </span>
     <span class='ocr_line' id='line_1_4' title="bbox 134 225 1028 263; baseline 0.002 -5"><span class='ocrx_word' id='word_1_19' title='bbox 134 228 178 258; x_wconf 92' lang='lat' dir='ltr'>A.</span> <span class='ocrx_word' id='word_1_20' title='bbox 195 227 236 257; x_wconf 91' lang='lat' dir='ltr'>U.</span> <span class='ocrx_word' id='word_1_21' title='bbox 253 227 327 262; x_wconf 83' lang='lat'><strong>574.</strong></span> <span class='ocrx_word' id='word_1_22' title='bbox 350 225 447 256; x_wconf 84' lang='lat' dir='ltr'><strong>Tusc.</strong></span> <span class='ocrx_word' id='word_1_23' title='bbox 465 226 493 263; x_wconf 91' lang='lat' dir='ltr'>I,</span> <span class='ocrx_word' id='word_1_24' title='bbox 510 228 540 256; x_wconf 85' lang='lat'>2.</span> <span class='ocrx_word' id='word_1_25' title='bbox 556 227 587 256; x_wconf 92' lang='lat' dir='ltr'>in</span> <span class='ocrx_word' id='word_1_26' title='bbox 601 227 749 257; x_wconf 84' lang='lat' dir='ltr'>AEtoliam</span> <span class='ocrx_word' id='word_1_27' title='bbox 770 228 908 258; x_wconf 87' lang='lat' dir='ltr'>Ennium</span> <span class='ocrx_word' id='word_1_28' title='bbox 925 240 1028 260; x_wconf 87' lang='lat' dir='ltr'>secum</span> 
     </span>
     <span class='ocr_line' id='line_1_5' title="bbox 135 268 1028 310; baseline 0.001 -9"><span class='ocrx_word' id='word_1_29' title='bbox 135 270 245 305; x_wconf 69' lang='lat' dir='ltr'>duxit,</span> <span class='ocrx_word' id='word_1_30' title='bbox 269 268 351 310; x_wconf 88' lang='lat' dir='ltr'>quod</span> <span class='ocrx_word' id='word_1_31' title='bbox 367 268 393 298; x_wconf 87' lang='lat' dir='ltr'>ei</span> <span class='ocrx_word' id='word_1_32' title='bbox 409 270 624 309; x_wconf 86' lang='lat' dir='ltr'>exprobratum</span> <span class='ocrx_word' id='word_1_33' title='bbox 638 276 682 300; x_wconf 90' lang='lat' dir='ltr'>est</span> <span class='ocrx_word' id='word_1_34' title='bbox 693 281 711 300; x_wconf 90' lang='lat' dir='ltr'>a</span> <span class='ocrx_word' id='word_1_35' title='bbox 724 270 847 301; x_wconf 86' lang='lat' dir='ltr'><strong>Catone.</strong></span> <span class='ocrx_word' id='word_1_36' title='bbox 871 272 964 302; x_wconf 85' lang='lat' dir='ltr'><strong>Arch.</strong></span> <span class='ocrx_word' id='word_1_37' title='bbox 979 273 1028 302; x_wconf 93' lang='grc'>11.</span> 
     </span>
     <span class='ocr_line' id='line_1_6' title="bbox 137 312 1028 353; baseline 0.001 -9"><span class='ocrx_word' id='word_1_38' title='bbox 137 312 240 344; x_wconf 83' lang='lat' dir='ltr'>Musis</span> <span class='ocrx_word' id='word_1_39' title='bbox 255 318 284 342; x_wconf 92' lang='lat' dir='ltr'>et</span> <span class='ocrx_word' id='word_1_40' title='bbox 299 312 428 342; x_wconf 76' lang='lat' dir='ltr'><strong>Herculi</strong></span> <span class='ocrx_word' id='word_1_41' title='bbox 439 312 590 353; x_wconf 83' lang='lat' dir='ltr'>templum</span> <span class='ocrx_word' id='word_1_42' title='bbox 606 312 723 343; x_wconf 86' lang='lat' dir='ltr'>dedicat</span> <span class='ocrx_word' id='word_1_43' title='bbox 736 324 752 343; x_wconf 88' lang='lat' dir='ltr'>e</span> <span class='ocrx_word' id='word_1_44' title='bbox 763 316 924 345; x_wconf 85' lang='lat' dir='ltr'>manubiis.</span> <span class='ocrx_word' id='word_1_45' title='bbox 952 315 1028 345; x_wconf 85' lang='lat' dir='ltr'>Mu-</span> 
     </span>
     <span class='ocr_line' id='line_1_7' title="bbox 138 354 1029 396; baseline 0.001 -9"><span class='ocrx_word' id='word_1_46' title='bbox 138 366 185 387; x_wconf 84' lang='lat' dir='ltr'>sas</span> <span class='ocrx_word' id='word_1_47' title='bbox 199 355 339 396; x_wconf 80' lang='lat' dir='ltr'>pinxerat</span> <span class='ocrx_word' id='word_1_48' title='bbox 355 354 488 390; x_wconf 76' lang='lat' dir='ltr'>Zeuxi53</span> <span class='ocrx_word' id='word_1_49' title='bbox 514 366 623 396; x_wconf 86' lang='lat' dir='ltr'>easque</span> <span class='ocrx_word' id='word_1_50' title='bbox 634 356 787 386; x_wconf 84' lang='lat' dir='ltr'><strong>ademerat</strong></span> <span class='ocrx_word' id='word_1_51' title='bbox 803 358 1029 388; x_wconf 82' lang='lat' dir='ltr'>Ambraciensi-</span> 
     </span>
     <span class='ocr_line' id='line_1_8' title="bbox 138 397 1028 442; baseline 0.002 -13"><span class='ocrx_word' id='word_1_52' title='bbox 138 400 206 429; x_wconf 84' lang='lat' dir='ltr'><strong>bus.</strong></span> <span class='ocrx_word' id='word_1_53' title='bbox 229 398 271 428; x_wconf 92' lang='lat' dir='ltr'>V.</span> <span class='ocrx_word' id='word_1_54' title='bbox 288 397 370 428; x_wconf 77' lang='lat' dir='ltr'><strong>Pfin.</strong></span> <span class='ocrx_word' id='word_1_55' title='bbox 395 398 441 428; x_wconf 92' lang='grc' dir='ltr'>Η.</span> <span class='ocrx_word' id='word_1_56' title='bbox 458 398 501 428; x_wconf 92' lang='lat' dir='ltr'>N.</span> <span class='ocrx_word' id='word_1_57' title='bbox 518 398 664 437; x_wconf 87' lang='lat' dir='ltr'>XXXV,</span> <span class='ocrx_word' id='word_1_58' title='bbox 690 402 738 430; x_wconf 84' lang='lat'>10.</span> <span class='ocrx_word' id='word_1_59' title='bbox 762 399 811 429; x_wconf 91' lang='lat' dir='ltr'>De</span> <span class='ocrx_word' id='word_1_60' title='bbox 827 399 892 440; x_wconf 84' lang='lat' dir='ltr'>ipso</span> <span class='ocrx_word' id='word_1_61' title='bbox 913 401 1028 442; x_wconf 84' lang='lat' dir='ltr'>templo</span> 
     </span>
     <span class='ocr_line' id='line_1_9' title="bbox 135 439 569 473; baseline -0.002 0"><span class='ocrx_word' id='word_1_62' title='bbox 135 451 166 473; x_wconf 81' lang='lat' dir='ltr'>v.</span> <span class='ocrx_word' id='word_1_63' title='bbox 183 440 338 471; x_wconf 86' lang='lat' dir='ltr'>Harduin.</span> <span class='ocrx_word' id='word_1_64' title='bbox 353 439 391 470; x_wconf 91' lang='lat' dir='ltr'>ad</span> <span class='ocrx_word' id='word_1_65' title='bbox 408 441 489 471; x_wconf 84' lang='lat' dir='ltr'><strong>Plin.</strong></span> <span class='ocrx_word' id='word_1_66' title='bbox 508 442 528 471; x_wconf 91' lang='lat' dir='ltr'>l.</span> <span class='ocrx_word' id='word_1_67' title='bbox 544 451 569 472; x_wconf 89' lang='lat' dir='ltr'>c.</span> 
     </span>
    </p>

    <p class='ocr_par' dir='ltr' id='par_1_3' title="bbox 135 482 1025 601">
     <span class='ocr_line' id='line_1_10' title="bbox 180 482 1025 525; baseline 0.001 -10"><span class='ocrx_word' id='word_1_68' title='bbox 180 484 229 515; x_wconf 89' lang='lat' dir='ltr'>M.</span> <span class='ocrx_word' id='word_1_69' title='bbox 247 484 373 514; x_wconf 84' lang='lat' dir='ltr'>Fulvius</span> <span class='ocrx_word' id='word_1_70' title='bbox 389 482 531 522; x_wconf 80' lang='lat' dir='ltr'><em>Nobilior,</em></span> <span class='ocrx_word' id='word_1_71' title='bbox 555 484 624 514; x_wconf 81' lang='lat' dir='ltr'><strong>Att.</strong></span> <span class='ocrx_word' id='word_1_72' title='bbox 643 485 703 521; x_wconf 87' lang='lat' dir='ltr'>IV,</span> <span class='ocrx_word' id='word_1_73' title='bbox 732 485 780 514; x_wconf 82' lang='lat'>16.</span> <span class='ocrx_word' id='word_1_74' title='bbox 796 485 1025 525; x_wconf 85' lang='lat' dir='ltr'>condemnatur,</span> 
     </span>
     <span class='ocr_line' id='line_1_11' title="bbox 135 526 1024 569; baseline 0.001 -11"><span class='ocrx_word' id='word_1_75' title='bbox 135 526 220 569; x_wconf 89' lang='lat' dir='ltr'><strong>App.</strong></span> <span class='ocrx_word' id='word_1_76' title='bbox 247 526 377 557; x_wconf 78' lang='lat' dir='ltr'>Claudio</span> <span class='ocrx_word' id='word_1_77' title='bbox 402 526 547 566; x_wconf 87' lang='lat' dir='ltr'>Pulchro,</span> <span class='ocrx_word' id='word_1_78' title='bbox 576 528 614 558; x_wconf 87' lang='lat' dir='ltr'>L.</span> <span class='ocrx_word' id='word_1_79' title='bbox 642 527 780 558; x_wconf 85' lang='lat' dir='ltr'>Domitio</span> <span class='ocrx_word' id='word_1_80' title='bbox 805 528 1024 569; x_wconf 83' lang='lat' dir='ltr'>Ahenobarbo,</span> 
     </span>
     <span class='ocr_line' id='line_1_12' title="bbox 136 580 211 601; baseline -0.013 0"><span class='ocrx_word' id='word_1_81' title='bbox 136 580 211 601; x_wconf 85' lang='lat' dir='ltr'>coss.</span> 
     </span>
    </p>

    <p class='ocr_par' dir='ltr' id='par_1_4' title="bbox 183 611 726 645">
     <span class='ocr_line' id='line_1_13' title="bbox 183 611 726 645; baseline -0.004 -1"><span class='ocrx_word' id='word_1_82' title='bbox 183 615 224 645; x_wconf 93' lang='lat' dir='ltr'>P.</span> <span class='ocrx_word' id='word_1_83' title='bbox 240 613 371 644; x_wconf 81' lang='lat' dir='ltr'>Fulvius</span> <span class='ocrx_word' id='word_1_84' title='bbox 389 611 531 643; x_wconf 76' lang='lat' dir='ltr'><strong><em>Veratius.</em></strong></span> <span class='ocrx_word' id='word_1_85' title='bbox 554 613 653 644; x_wconf 88' lang='lat' dir='ltr'><strong>Flacc.</strong></span> <span class='ocrx_word' id='word_1_86' title='bbox 674 615 726 644; x_wconf 89' lang='lat'>20.</span> 
     </span>
    </p>

    <p class='ocr_par' dir='ltr' id='par_1_5' title="bbox 136 656 1029 780">
     <span class='ocr_line' id='line_1_14' title="bbox 181 656 1026 696; baseline 0.001 -10"><span class='ocrx_word' id='word_1_87' title='bbox 181 656 219 691; x_wconf 87' lang='lat' dir='ltr'>Q.</span> <span class='ocrx_word' id='word_1_88' title='bbox 243 656 371 687; x_wconf 78' lang='lat' dir='ltr'>Fulvius</span> <span class='ocrx_word' id='word_1_89' title='bbox 396 656 530 686; x_wconf 74' lang='lat' dir='ltr'><strong>Flaccus.</strong></span> <span class='ocrx_word' id='word_1_90' title='bbox 551 661 663 696; x_wconf 86' lang='lat' dir='ltr'><strong>Agrar.</strong></span> <span class='ocrx_word' id='word_1_91' title='bbox 687 656 733 695; x_wconf 90' lang='lat' dir='ltr'>II,</span> <span class='ocrx_word' id='word_1_92' title='bbox 756 657 808 686; x_wconf 84' lang='lat'>33.</span> <span class='ocrx_word' id='word_1_93' title='bbox 835 658 940 687; x_wconf 85' lang='lat' dir='ltr'>consul</span> <span class='ocrx_word' id='word_1_94' title='bbox 966 657 1026 687; x_wconf 90' lang='lat' dir='ltr'>IV.</span> 
     </span>
     <span class='ocr_line' id='line_1_15' title="bbox 136 698 1029 741; baseline 0 -11"><span class='ocrx_word' id='word_1_95' title='bbox 136 709 208 730; x_wconf 87' lang='lat' dir='ltr'>cum</span> <span class='ocrx_word' id='word_1_96' title='bbox 225 699 265 737; x_wconf 89' lang='lat' dir='ltr'>Q.</span> <span class='ocrx_word' id='word_1_97' title='bbox 282 698 378 729; x_wconf 84' lang='lat' dir='ltr'>Fabio</span> <span class='ocrx_word' id='word_1_98' title='bbox 393 698 435 729; x_wconf 87' lang='lat' dir='ltr'>V.</span> <span class='ocrx_word' id='word_1_99' title='bbox 459 699 500 729; x_wconf 91' lang='lat' dir='ltr'>A.</span> <span class='ocrx_word' id='word_1_100' title='bbox 513 700 585 729; x_wconf 73' lang='lat'><strong>544.</strong></span> <span class='ocrx_word' id='word_1_101' title='bbox 603 699 714 739; x_wconf 86' lang='lat' dir='ltr'>quibus</span> <span class='ocrx_word' id='word_1_102' title='bbox 726 710 799 730; x_wconf 86' lang='lat' dir='ltr'><strong>coss.</strong></span> <span class='ocrx_word' id='word_1_103' title='bbox 818 699 926 740; x_wconf 86' lang='lat' dir='ltr'>Capua</span> <span class='ocrx_word' id='word_1_104' title='bbox 941 707 1029 741; x_wconf 86' lang='lat' dir='ltr'>capta</span> 
     </span>
     <span class='ocr_line' id='line_1_16' title="bbox 138 742 1028 780; baseline 0.001 -7"><span class='ocrx_word' id='word_1_105' title='bbox 138 748 193 773; x_wconf 87' lang='lat' dir='ltr'><strong>est.</strong></span> <span class='ocrx_word' id='word_1_106' title='bbox 209 743 298 774; x_wconf 85' lang='lat' dir='ltr'><strong>Verr.</strong></span> <span class='ocrx_word' id='word_1_107' title='bbox 314 742 366 780; x_wconf 91' lang='lat' dir='ltr'>II,</span> <span class='ocrx_word' id='word_1_108' title='bbox 387 744 439 772; x_wconf 81' lang='lat'>41.</span> <span class='ocrx_word' id='word_1_109' title='bbox 462 751 565 772; x_wconf 82' lang='lat' dir='ltr'>censor</span> <span class='ocrx_word' id='word_1_110' title='bbox 588 752 660 772; x_wconf 88' lang='lat' dir='ltr'>cum</span> <span class='ocrx_word' id='word_1_111' title='bbox 683 743 726 772; x_wconf 91' lang='lat' dir='ltr'>A.</span> <span class='ocrx_word' id='word_1_112' title='bbox 744 742 902 773; x_wconf 88' lang='lat' dir='ltr'>Postumio</span> <span class='ocrx_word' id='word_1_113' title='bbox 928 745 968 773; x_wconf 92' lang='lat' dir='ltr'>A.</span> <span class='ocrx_word' id='word_1_114' title='bbox 986 744 1028 774; x_wconf 92' lang='lat' dir='ltr'>U.</span> 
     </span>
    </p>

    <p class='ocr_par' dir='ltr' id='par_1_6' title="bbox 134 827 1028 988">
     <span class='ocr_line' id='line_1_17' title="bbox 182 827 1027 868; baseline 0.001 -10"><span class='ocrx_word' id='word_1_115' title='bbox 182 828 219 863; x_wconf 82' lang='lat' dir='ltr'>Q.</span> <span class='ocrx_word' id='word_1_116' title='bbox 246 828 376 859; x_wconf 84' lang='lat' dir='ltr'>Fulvius</span> <span class='ocrx_word' id='word_1_117' title='bbox 404 827 544 866; x_wconf 78' lang='lat' dir='ltr'><em>Nobilior,</em></span> <span class='ocrx_word' id='word_1_118' title='bbox 569 827 650 858; x_wconf 85' lang='lat' dir='ltr'>filius</span> <span class='ocrx_word' id='word_1_119' title='bbox 678 827 790 865; x_wconf 81' lang='lat' dir='ltr'>Marci,</span> <span class='ocrx_word' id='word_1_120' title='bbox 822 829 877 868; x_wconf 91' lang='lat' dir='ltr'>qui</span> <span class='ocrx_word' id='word_1_121' title='bbox 906 829 1027 859; x_wconf 86' lang='lat' dir='ltr'>AEtolos</span> 
     </span>
     <span class='ocr_line' id='line_1_18' title="bbox 136 870 1027 902; baseline 0 0"><span class='ocrx_word' id='word_1_122' title='bbox 136 870 208 902; x_wconf 86' lang='lat' dir='ltr'>vicit</span> <span class='ocrx_word' id='word_1_123' title='bbox 220 881 230 901; x_wconf 67' lang='grc' dir='ltr'><strong>ε</strong></span> <span class='ocrx_word' id='word_1_124' title='bbox 263 871 369 901; x_wconf 87' lang='lat' dir='ltr'>consul</span> <span class='ocrx_word' id='word_1_125' title='bbox 396 881 467 901; x_wconf 89' lang='lat' dir='ltr'>cum</span> <span class='ocrx_word' id='word_1_126' title='bbox 492 870 530 900; x_wconf 90' lang='lat' dir='ltr'>T.</span> <span class='ocrx_word' id='word_1_127' title='bbox 558 870 662 900; x_wconf 89' lang='lat' dir='ltr'>Annio</span> <span class='ocrx_word' id='word_1_128' title='bbox 689 871 790 901; x_wconf 87' lang='lat' dir='ltr'>Lusco</span> <span class='ocrx_word' id='word_1_129' title='bbox 817 871 857 900; x_wconf 91' lang='lat' dir='ltr'>A.</span> <span class='ocrx_word' id='word_1_130' title='bbox 884 871 925 901; x_wconf 91' lang='lat' dir='ltr'>U.</span> <span class='ocrx_word' id='word_1_131' title='bbox 953 872 1027 902; x_wconf 88' lang='lat'><strong>600.</strong></span> 
     </span>
     <span class='ocr_line' id='line_1_19' title="bbox 136 913 1028 953; baseline 0 -9"><span class='ocrx_word' id='word_1_132' title='bbox 136 914 277 944; x_wconf 90' lang='lat' dir='ltr'>Ennium</span> <span class='ocrx_word' id='word_1_133' title='bbox 292 914 412 944; x_wconf 83' lang='lat' dir='ltr'>civitate</span> <span class='ocrx_word' id='word_1_134' title='bbox 426 913 561 953; x_wconf 85' lang='lat' dir='ltr'>donavit,</span> <span class='ocrx_word' id='word_1_135' title='bbox 574 923 645 944; x_wconf 90' lang='lat' dir='ltr'>cum</span> <span class='ocrx_word' id='word_1_136' title='bbox 660 913 801 944; x_wconf 85' lang='lat' dir='ltr'>triumvir</span> <span class='ocrx_word' id='word_1_137' title='bbox 812 914 961 944; x_wconf 79' lang='lat' dir='ltr'>coloniam</span> <span class='ocrx_word' id='word_1_138' title='bbox 975 914 1028 945; x_wconf 90' lang='lat' dir='ltr'>de-</span> 
     </span>
     <span class='ocr_line' id='line_1_20' title="bbox 134 956 281 988; baseline 0 -1"><span class='ocrx_word' id='word_1_139' title='bbox 134 956 281 988; x_wconf 85' lang='lat' dir='ltr'>duxisset.</span> 
     </span>
    </p>

    <p class='ocr_par' dir='ltr' id='par_1_7' title="bbox 133 999 1028 1426">
     <span class='ocr_line' id='line_1_21' title="bbox 179 999 1027 1031; baseline 0 -1"><span class='ocrx_word' id='word_1_140' title='bbox 179 1001 241 1030; x_wconf 84' lang='lat' dir='ltr'><strong>Ser.</strong></span> <span class='ocrx_word' id='word_1_141' title='bbox 259 1000 387 1030; x_wconf 72' lang='lat' dir='ltr'>Fulvius</span> <span class='ocrx_word' id='word_1_142' title='bbox 398 1000 532 1031; x_wconf 83' lang='lat' dir='ltr'><strong>Flaccus.</strong></span> <span class='ocrx_word' id='word_1_143' title='bbox 554 999 644 1030; x_wconf 84' lang='lat' dir='ltr'><strong>Brut.</strong></span> <span class='ocrx_word' id='word_1_144' title='bbox 661 999 712 1029; x_wconf 89' lang='lat'>21.</span> <span class='ocrx_word' id='word_1_145' title='bbox 735 999 894 1030; x_wconf 77' lang='lat' dir='ltr'>mediocris</span> <span class='ocrx_word' id='word_1_146' title='bbox 917 1006 1027 1031; x_wconf 81' lang='lat' dir='ltr'>orator.</span> 
     </span>
     <span class='ocr_line' id='line_1_22' title="bbox 137 1042 1026 1079; baseline 0 -6"><span class='ocrx_word' id='word_1_147' title='bbox 137 1042 227 1073; x_wconf 85' lang='lat' dir='ltr'><strong>Brut.</strong></span> <span class='ocrx_word' id='word_1_148' title='bbox 251 1043 304 1073; x_wconf 83' lang='lat'>32.</span> <span class='ocrx_word' id='word_1_149' title='bbox 329 1042 367 1072; x_wconf 87' lang='lat' dir='ltr'>de</span> <span class='ocrx_word' id='word_1_150' title='bbox 392 1043 508 1073; x_wconf 82' lang='lat' dir='ltr'>incestu</span> <span class='ocrx_word' id='word_1_151' title='bbox 529 1052 609 1079; x_wconf 87' lang='lat' dir='ltr'>reus,</span> <span class='ocrx_word' id='word_1_152' title='bbox 631 1053 649 1072; x_wconf 91' lang='lat' dir='ltr'>a</span> <span class='ocrx_word' id='word_1_153' title='bbox 670 1042 706 1072; x_wconf 87' lang='lat' dir='ltr'>C.</span> <span class='ocrx_word' id='word_1_154' title='bbox 729 1042 861 1073; x_wconf 85' lang='lat' dir='ltr'>Curione</span> <span class='ocrx_word' id='word_1_155' title='bbox 875 1043 1026 1073; x_wconf 86' lang='lat' dir='ltr'>defensus.</span> 
     </span>
     <span class='ocr_line' id='line_1_23' title="bbox 135 1085 1028 1122; baseline 0 -6"><span class='ocrx_word' id='word_1_156' title='bbox 135 1086 189 1116; x_wconf 82' lang='lat' dir='ltr'>Ex</span> <span class='ocrx_word' id='word_1_157' title='bbox 202 1085 260 1116; x_wconf 89' lang='lat' dir='ltr'>hoc</span> <span class='ocrx_word' id='word_1_158' title='bbox 282 1086 347 1116; x_wconf 89' lang='lat' dir='ltr'>loco</span> <span class='ocrx_word' id='word_1_159' title='bbox 362 1085 490 1116; x_wconf 84' lang='lat' dir='ltr'>emendo</span> <span class='ocrx_word' id='word_1_160' title='bbox 511 1085 689 1115; x_wconf 84' lang='lat' dir='ltr'>Ciceronem</span> <span class='ocrx_word' id='word_1_161' title='bbox 709 1085 746 1115; x_wconf 90' lang='lat' dir='ltr'>de</span> <span class='ocrx_word' id='word_1_162' title='bbox 765 1085 834 1116; x_wconf 92' lang='lat' dir='ltr'><strong>Inv.</strong></span> <span class='ocrx_word' id='word_1_163' title='bbox 857 1086 886 1122; x_wconf 81' lang='lat'>1,</span> <span class='ocrx_word' id='word_1_164' title='bbox 907 1087 958 1116; x_wconf 81' lang='lat'>43.</span> <span class='ocrx_word' id='word_1_165' title='bbox 974 1086 1028 1116; x_wconf 90' lang='lat' dir='ltr'>ubi</span> 
     </span>
     <span class='ocr_line' id='line_1_24' title="bbox 135 1128 1028 1169; baseline -0.001 -9"><span class='ocrx_word' id='word_1_166' title='bbox 135 1129 313 1169; x_wconf 84' lang='lat' dir='ltr'>exemplum</span> <span class='ocrx_word' id='word_1_167' title='bbox 329 1128 452 1159; x_wconf 86' lang='lat' dir='ltr'>affertur</span> <span class='ocrx_word' id='word_1_168' title='bbox 466 1128 513 1158; x_wconf 85' lang='lat' dir='ltr'>his</span> <span class='ocrx_word' id='word_1_169' title='bbox 525 1128 622 1159; x_wconf 87' lang='lat' dir='ltr'>verbis</span> <span class='ocrx_word' id='word_1_170' title='bbox 635 1139 643 1158; x_wconf 88' lang='lat'><strong>:</strong></span> <span class='ocrx_word' id='word_1_171' title='bbox 671 1130 694 1146; x_wconf 71' lang='lat'>‘⁶</span> <span class='ocrx_word' id='word_1_172' title='bbox 707 1134 742 1158; x_wconf 88' lang='lat' dir='ltr'>ut</span> <span class='ocrx_word' id='word_1_173' title='bbox 757 1128 869 1159; x_wconf 87' lang='lat' dir='ltr'>Curius</span> <span class='ocrx_word' id='word_1_174' title='bbox 881 1139 936 1169; x_wconf 88' lang='lat' dir='ltr'>pro</span> <span class='ocrx_word' id='word_1_175' title='bbox 951 1129 1028 1159; x_wconf 89' lang='lat' dir='ltr'>Ful-</span> 
     </span>
     <span class='ocr_line' id='line_1_25' title="bbox 134 1171 1027 1212; baseline -0.001 -9"><span class='ocrx_word' id='word_1_176' title='bbox 134 1171 206 1203; x_wconf 74' lang='lat' dir='ltr'>vioz</span> <span class='ocrx_word' id='word_1_177' title='bbox 231 1172 333 1202; x_wconf 87' lang='lat' dir='ltr'>Nemo</span> <span class='ocrx_word' id='word_1_178' title='bbox 354 1177 452 1212; x_wconf 86' lang='lat' dir='ltr'>potest</span> <span class='ocrx_word' id='word_1_179' title='bbox 474 1181 536 1201; x_wconf 92' lang='lat' dir='ltr'>uno</span> <span class='ocrx_word' id='word_1_180' title='bbox 551 1171 707 1210; x_wconf 84' lang='lat' dir='ltr'>adspectu,</span> <span class='ocrx_word' id='word_1_181' title='bbox 732 1181 831 1212; x_wconf 88' lang='lat' dir='ltr'>neque</span> <span class='ocrx_word' id='word_1_182' title='bbox 852 1172 1027 1212; x_wconf 87' lang='lat' dir='ltr'>praeteriens</span> 
     </span>
     <span class='ocr_line' id='line_1_26' title="bbox 135 1214 1026 1253; baseline 0 -8"><span class='ocrx_word' id='word_1_183' title='bbox 135 1214 167 1245; x_wconf 90' lang='lat' dir='ltr'>in</span> <span class='ocrx_word' id='word_1_184' title='bbox 183 1224 318 1245; x_wconf 89' lang='lat' dir='ltr'>amorem</span> <span class='ocrx_word' id='word_1_185' title='bbox 328 1214 491 1245; x_wconf 80' lang='lat' dir='ltr'>incidere-&#39;⁹</span> <span class='ocrx_word' id='word_1_186' title='bbox 516 1214 576 1244; x_wconf 89' lang='lat' dir='ltr'>Pro</span> <span class='ocrx_word' id='word_1_187' title='bbox 591 1216 700 1244; x_wconf 86' lang='lat' dir='ltr'>Curius</span> <span class='ocrx_word' id='word_1_188' title='bbox 715 1214 808 1253; x_wconf 87' lang='lat' dir='ltr'>enim,</span> <span class='ocrx_word' id='word_1_189' title='bbox 828 1215 1026 1245; x_wconf 83' lang='lat' dir='ltr'>manifestum</span> 
     </span>
     <span class='ocr_line' id='line_1_27' title="bbox 137 1257 1027 1297; baseline 0 -10"><span class='ocrx_word' id='word_1_190' title='bbox 137 1263 192 1295; x_wconf 87' lang='lat' dir='ltr'>est,</span> <span class='ocrx_word' id='word_1_191' title='bbox 210 1257 373 1297; x_wconf 84' lang='lat' dir='ltr'>legendum</span> <span class='ocrx_word' id='word_1_192' title='bbox 390 1267 451 1287; x_wconf 85' lang='lat' dir='ltr'>esse</span> <span class='ocrx_word' id='word_1_193' title='bbox 469 1258 571 1287; x_wconf 77' lang='lat' dir='ltr'>Curio.</span> <span class='ocrx_word' id='word_1_194' title='bbox 596 1257 676 1287; x_wconf 83' lang='lat' dir='ltr'>Haec</span> <span class='ocrx_word' id='word_1_195' title='bbox 699 1258 790 1287; x_wconf 86' lang='lat' dir='ltr'>verba</span> <span class='ocrx_word' id='word_1_196' title='bbox 805 1263 876 1287; x_wconf 84' lang='lat' dir='ltr'>sunt</span> <span class='ocrx_word' id='word_1_197' title='bbox 900 1268 938 1287; x_wconf 80' lang='lat' dir='ltr'>ex</span> <span class='ocrx_word' id='word_1_198' title='bbox 963 1257 1027 1288; x_wconf 90' lang='lat' dir='ltr'>Cu-</span> 
     </span>
     <span class='ocr_line' id='line_1_28' title="bbox 136 1300 1028 1341; baseline 0 -11"><span class='ocrx_word' id='word_1_199' title='bbox 136 1300 228 1330; x_wconf 90' lang='lat' dir='ltr'>rionis</span> <span class='ocrx_word' id='word_1_200' title='bbox 243 1300 376 1330; x_wconf 81' lang='lat' dir='ltr'>oratione</span> <span class='ocrx_word' id='word_1_201' title='bbox 397 1310 452 1340; x_wconf 84' lang='lat' dir='ltr'>pro</span> <span class='ocrx_word' id='word_1_202' title='bbox 467 1300 578 1330; x_wconf 87' lang='lat' dir='ltr'>Fulvio</span> <span class='ocrx_word' id='word_1_203' title='bbox 598 1300 635 1330; x_wconf 89' lang='lat' dir='ltr'>de</span> <span class='ocrx_word' id='word_1_204' title='bbox 655 1300 793 1335; x_wconf 80' lang='lat' dir='ltr'>incestu3</span> <span class='ocrx_word' id='word_1_205' title='bbox 818 1310 911 1341; x_wconf 85' lang='lat' dir='ltr'>quam</span> <span class='ocrx_word' id='word_1_206' title='bbox 936 1300 1028 1330; x_wconf 83' lang='lat' dir='ltr'>exsti-</span> 
     </span>
     <span class='ocr_line' id='line_1_29' title="bbox 136 1341 1027 1383; baseline 0 -10"><span class='ocrx_word' id='word_1_207' title='bbox 136 1343 207 1374; x_wconf 87' lang='lat' dir='ltr'>tisse</span> <span class='ocrx_word' id='word_1_208' title='bbox 221 1343 284 1373; x_wconf 87' lang='lat' dir='ltr'>suis</span> <span class='ocrx_word' id='word_1_209' title='bbox 305 1343 491 1383; x_wconf 80' lang='lat' dir='ltr'>temporibus</span> <span class='ocrx_word' id='word_1_210' title='bbox 514 1341 579 1373; x_wconf 91' lang='lat' dir='ltr'><strong>Cic.</strong></span> <span class='ocrx_word' id='word_1_211' title='bbox 602 1343 635 1372; x_wconf 88' lang='lat' dir='ltr'>in</span> <span class='ocrx_word' id='word_1_212' title='bbox 650 1343 740 1372; x_wconf 83' lang='lat' dir='ltr'><strong>Brut.</strong></span> <span class='ocrx_word' id='word_1_213' title='bbox 759 1342 782 1373; x_wconf 89' lang='lat'>1.</span> <span class='ocrx_word' id='word_1_214' title='bbox 800 1353 825 1373; x_wconf 91' lang='lat' dir='ltr'>c.</span> <span class='ocrx_word' id='word_1_215' title='bbox 841 1343 923 1380; x_wconf 83' lang='lat' dir='ltr'>dicit,</span> <span class='ocrx_word' id='word_1_216' title='bbox 940 1342 1027 1373; x_wconf 88' lang='lat' dir='ltr'>nobi-</span> 
     </span>
     <span class='ocr_line' id='line_1_30' title="bbox 133 1385 496 1426; baseline -0.006 -9"><span class='ocrx_word' id='word_1_217' title='bbox 133 1386 259 1426; x_wconf 87' lang='lat' dir='ltr'><strong>lemque</strong></span> <span class='ocrx_word' id='word_1_218' title='bbox 272 1385 409 1416; x_wconf 84' lang='lat' dir='ltr'><strong>habitam</strong></span> <span class='ocrx_word' id='word_1_219' title='bbox 425 1396 496 1415; x_wconf 84' lang='lat' dir='ltr'><strong>esse.</strong></span> 
     </span>
    </p>

    <p class='ocr_par' dir='ltr' id='par_1_8' title="bbox 137 1427 1024 1511">
     <span class='ocr_line' id='line_1_31' title="bbox 181 1427 1024 1466; baseline 0 -7"><span class='ocrx_word' id='word_1_220' title='bbox 181 1430 215 1459; x_wconf 89' lang='lat' dir='ltr'><strong>C.</strong></span> <span class='ocrx_word' id='word_1_221' title='bbox 233 1429 417 1465; x_wconf 75' lang='lat' dir='ltr'>Fundanius,</span> <span class='ocrx_word' id='word_1_222' title='bbox 435 1428 498 1466; x_wconf 87' lang='lat' dir='ltr'>Qu.</span> <span class='ocrx_word' id='word_1_223' title='bbox 515 1427 568 1458; x_wconf 87' lang='lat' dir='ltr'>Fr.</span> <span class='ocrx_word' id='word_1_224' title='bbox 586 1428 617 1465; x_wconf 93' lang='lat' dir='ltr'>I,</span> <span class='ocrx_word' id='word_1_225' title='bbox 634 1429 664 1458; x_wconf 88' lang='lat'>2.</span> <span class='ocrx_word' id='word_1_226' title='bbox 682 1428 713 1458; x_wconf 88' lang='grc'><strong>3.</strong></span> <span class='ocrx_word' id='word_1_227' title='bbox 729 1428 844 1459; x_wconf 83' lang='lat' dir='ltr'>amicus</span> <span class='ocrx_word' id='word_1_228' title='bbox 861 1427 1024 1459; x_wconf 88' lang='lat' dir='ltr'>Ciceronis.</span> 
     </span>
     <span class='ocr_line' id='line_1_32' title="bbox 137 1470 841 1511; baseline -0.003 -8"><span class='ocrx_word' id='word_1_229' title='bbox 137 1472 228 1504; x_wconf 88' lang='lat' dir='ltr'>Socer</span> <span class='ocrx_word' id='word_1_230' title='bbox 243 1471 400 1508; x_wconf 77' lang='lat' dir='ltr'>Varronis,</span> <span class='ocrx_word' id='word_1_231' title='bbox 414 1471 468 1511; x_wconf 86' lang='lat' dir='ltr'>qui</span> <span class='ocrx_word' id='word_1_232' title='bbox 483 1470 636 1501; x_wconf 81' lang='lat' dir='ltr'>inducitur</span> <span class='ocrx_word' id='word_1_233' title='bbox 650 1470 690 1501; x_wconf 89' lang='lat' dir='ltr'>R.</span> <span class='ocrx_word' id='word_1_234' title='bbox 709 1471 753 1502; x_wconf 89' lang='lat' dir='ltr'><strong>R.</strong></span> <span class='ocrx_word' id='word_1_235' title='bbox 765 1472 794 1510; x_wconf 93' lang='lat' dir='ltr'>I,</span> <span class='ocrx_word' id='word_1_236' title='bbox 811 1473 841 1501; x_wconf 90' lang='grc'><strong>2.</strong></span> 
     </span>
    </p>

    <p class='ocr_par' dir='ltr' id='par_1_9' title="bbox 181 1513 697 1550">
     <span class='ocr_line' id='line_1_33' title="bbox 181 1513 697 1550; baseline -0.002 -5"><span class='ocrx_word' id='word_1_237' title='bbox 181 1516 231 1545; x_wconf 91' lang='grc' dir='ltr'><strong>Μ.</strong></span> <span class='ocrx_word' id='word_1_238' title='bbox 246 1515 432 1550; x_wconf 75' lang='lat' dir='ltr'>Fundanius,</span> <span class='ocrx_word' id='word_1_239' title='bbox 450 1514 541 1544; x_wconf 83' lang='lat' dir='ltr'><strong>Petit.</strong></span> <span class='ocrx_word' id='word_1_240' title='bbox 560 1513 650 1544; x_wconf 86' lang='lat' dir='ltr'><strong>Cons.</strong></span> <span class='ocrx_word' id='word_1_241' title='bbox 667 1516 697 1544; x_wconf 87' lang='lat'>5.</span> 
     </span>
    </p>

    <p class='ocr_par' dir='ltr' id='par_1_10' title="bbox 135 1556 1025 1632">
     <span class='ocr_line' id='line_1_34' title="bbox 180 1556 1025 1595; baseline 0 -7"><span class='ocrx_word' id='word_1_242' title='bbox 180 1557 394 1595; x_wconf 76' lang='lat' dir='ltr'>Funisulanus,</span> <span class='ocrx_word' id='word_1_243' title='bbox 418 1556 483 1586; x_wconf 86' lang='lat' dir='ltr'><strong>Att.</strong></span> <span class='ocrx_word' id='word_1_244' title='bbox 501 1556 544 1594; x_wconf 87' lang='lat' dir='ltr'>V,</span> <span class='ocrx_word' id='word_1_245' title='bbox 569 1557 599 1587; x_wconf 83' lang='grc'>4.</span> <span class='ocrx_word' id='word_1_246' title='bbox 615 1557 649 1587; x_wconf 87' lang='lat' dir='ltr'>it.</span> <span class='ocrx_word' id='word_1_247' title='bbox 668 1557 714 1595; x_wconf 88' lang='lat' dir='ltr'>X,</span> <span class='ocrx_word' id='word_1_248' title='bbox 742 1559 789 1588; x_wconf 91' lang='lat'>15.</span> <span class='ocrx_word' id='word_1_249' title='bbox 805 1556 922 1588; x_wconf 83' lang='lat' dir='ltr'>debitor</span> <span class='ocrx_word' id='word_1_250' title='bbox 938 1556 1025 1588; x_wconf 90' lang='lat' dir='ltr'>Cice·</span> 
     </span>
     <span class='ocr_line' id='line_1_35' title="bbox 135 1610 226 1632; baseline 0 -1"><span class='ocrx_word' id='word_1_251' title='bbox 135 1610 226 1632; x_wconf 85' lang='lat' dir='ltr'><strong>roms.</strong></span> 
     </span>
    </p>

    <p class='ocr_par' dir='ltr' id='par_1_11' title="bbox 135 1641 1026 1770">
     <span class='ocr_line' id='line_1_36' title="bbox 184 1641 1023 1682; baseline 0 -9"><span class='ocrx_word' id='word_1_252' title='bbox 184 1644 220 1674; x_wconf 90' lang='lat' dir='ltr'>T.</span> <span class='ocrx_word' id='word_1_253' title='bbox 241 1643 415 1680; x_wconf 78' lang='lat' dir='ltr'>Furfanius,</span> <span class='ocrx_word' id='word_1_254' title='bbox 439 1642 551 1672; x_wconf 85' lang='lat' dir='ltr'>Milon.</span> <span class='ocrx_word' id='word_1_255' title='bbox 564 1642 615 1678; x_wconf 90' lang='grc'>27.</span> <span class='ocrx_word' id='word_1_256' title='bbox 629 1642 725 1682; x_wconf 88' lang='lat' dir='ltr'>judex</span> <span class='ocrx_word' id='word_1_257' title='bbox 736 1641 868 1673; x_wconf 66' lang='lat' dir='ltr'>incausa</span> <span class='ocrx_word' id='word_1_258' title='bbox 882 1642 1023 1681; x_wconf 85' lang='lat' dir='ltr'>Milonis,</span> 
     </span>
     <span class='ocr_line' id='line_1_37' title="bbox 135 1684 1025 1721; baseline -0.001 -5"><span class='ocrx_word' id='word_1_259' title='bbox 135 1685 289 1717; x_wconf 84' lang='lat' dir='ltr'><strong>laudatur.</strong></span> <span class='ocrx_word' id='word_1_260' title='bbox 312 1685 351 1716; x_wconf 87' lang='lat' dir='ltr'>ad</span> <span class='ocrx_word' id='word_1_261' title='bbox 366 1685 439 1715; x_wconf 89' lang='lat' dir='ltr'><strong>Div.</strong></span> <span class='ocrx_word' id='word_1_262' title='bbox 456 1684 519 1721; x_wconf 85' lang='lat' dir='ltr'>VI,</span> <span class='ocrx_word' id='word_1_263' title='bbox 541 1687 571 1716; x_wconf 84' lang='lat'>8.</span> <span class='ocrx_word' id='word_1_264' title='bbox 588 1691 842 1716; x_wconf 84' lang='lat' dir='ltr'>commemoratur</span> <span class='ocrx_word' id='word_1_265' title='bbox 857 1685 897 1716; x_wconf 87' lang='lat' dir='ltr'>T.</span> <span class='ocrx_word' id='word_1_266' title='bbox 914 1686 940 1715; x_wconf 84' lang='lat' dir='ltr'>F</span> <span class='ocrx_word' id='word_1_267' title='bbox 943 1686 1025 1716; x_wconf 89' lang='lat' dir='ltr'>urfa-</span> 
     </span>
     <span class='ocr_line' id='line_1_38' title="bbox 136 1728 1026 1770; baseline 0 -10"><span class='ocrx_word' id='word_1_268' title='bbox 136 1738 194 1760; x_wconf 84' lang='lat' dir='ltr'>nus</span> <span class='ocrx_word' id='word_1_269' title='bbox 223 1729 400 1768; x_wconf 81' lang='lat' dir='ltr'>Postumus,</span> <span class='ocrx_word' id='word_1_270' title='bbox 425 1735 537 1770; x_wconf 82' lang='lat' dir='ltr'>praetor</span> <span class='ocrx_word' id='word_1_271' title='bbox 565 1728 675 1760; x_wconf 87' lang='lat' dir='ltr'>Sieiliae</span> <span class='ocrx_word' id='word_1_272' title='bbox 703 1735 770 1770; x_wconf 81' lang='lat' dir='ltr'>post</span> <span class='ocrx_word' id='word_1_273' title='bbox 795 1729 913 1760; x_wconf 88' lang='lat' dir='ltr'>bellum</span> <span class='ocrx_word' id='word_1_274' title='bbox 939 1728 1026 1760; x_wconf 80' lang='lat' dir='ltr'>civile</span> 
     </span>
    </p>
   </div>
  </div>
 </body>
</html>
