1122 1868
154 56 195 85 34
427 56 575 87 INDEX
600 55 773 88 LEGUM.

155 140 193 170 de
216 142 384 180 majestate,
401 142 487 181 cujus
501 143 670 183 fragmenta
682 147 752 173 sunt
766 142 798 172 in
813 140 897 172 libris
905 141 984 180 juris
998 141 1040 171 ci-

153 183 231 213 vilis.
255 184 339 214 Nam
355 195 389 215 ea
404 191 449 215 est
464 186 607 225 Augusti.
638 185 687 215 De
701 185 768 225 lege
781 186 818 214 de
833 185 877 223 vi,
893 183 953 214 vid.
970 183 993 214 J
995 184 1038 213 ul.

155 226 245 256 Paul.
257 227 390 257 Sentent.
402 228 476 258 Rec.
488 229 529 265 V,
547 229 597 258 26.
613 238 663 269 ap.
677 227 846 268 Schuln‘ng.
856 227 879 257 J
881 226 1041 257 uris-Pru-

154 268 237 299 dent.
253 269 441 309 Antejustin.
458 282 487 311 p.
505 272 578 312 5220,
595 281 640 311 sq.

195 312 286 343 Julia
309 313 353 343 L.
372 314 457 344 Julz'c·
476 315 616 351 Coesaris,
642 313 695 354 qui
716 313 820 343 consul
837 311 896 342 fuit
916 321 985 342 cum
1002 311 1039 342 P.

155 354 276 384 Rutilio
292 355 394 396 Lupo,
417 357 497 386 bello
514 356 634 393 Sociali,
650 358 692 385 A.
708 356 749 385 U.
767 356 841 391 663,
862 356 899 384 de
919 355 1041 384 civitate

106 400 111 403 '
154 407 228 426 cum
254 399 343 428 sociis
364 404 392 428 et
413 400 540 429 Latinis
566 398 838 429 communicanda.
862 398 922 427 Pro
946 398 1038 427 Corn.

153 439 245 470 Balb.
271 451 295 471 c.
312 442 341 470 8.
377 441 474 481 Cujus
498 442 571 482 legis
590 443 646 472 hoc
668 448 759 482 caput
779 446 852 477 erat,
875 446 910 470 ut
930 439 968 470 ad
990 450 1040 470 eos

156 488 278 513 tantum
293 484 420 524 populos
435 484 492 514 hoc
507 484 686 515 beneficium
701 484 872 524 pertineret,
883 482 936 523 qui
950 481 1040 512 fundi

155 525 197 559 (ei
212 525 272 566 legi
288 532 341 563 sc.)
354 527 424 557 facti
440 534 546 563 essent,
562 527 593 557 h.
610 538 636 557 e.
654 533 689 557 ut
703 527 833 557 liberum
848 526 956 566 cuique
968 525 1040 555 civi-

152 568 208 597 tati
224 569 372 599 sociorum
388 570 630 610 Latinorumque
643 576 728 606 esset,
746 575 849 599 utrum
859 568 969 598 vellent
983 567 1040 598 hoc

155 610 300 641 beneficio
324 612 380 650 uti,
407 615 527 643 necne?
559 613 668 653 Itaque
687 613 777 642 etiam
798 610 1040 641 Heracliensium

155 658 185 682 et
210 654 484 695 Neapolitanorum
510 655 600 685 multi
625 655 681 686 hoc
701 654 880 685 beneficium
900 653 1040 694 repudia·

152 696 238 734 bant,
257 697 288 726 h.
305 707 332 728 e.
351 698 378 727 ei
390 698 449 738 legi
464 698 552 728 fundi
564 697 627 728 fleri
646 698 796 728 nolebant.
822 697 917 733 Nam,
931 705 1039 736 quem-

152 739 319 769 admodum
335 740 455 771 donatio
471 741 588 770 nullam
604 741 666 771 vim
681 741 782 778 habet,
799 739 856 769 nisi
875 739 911 776 is,
928 738 975 768 cui
993 737 1038 776 fit,

153 782 181 812 ei
201 781 355 813 donationi
370 783 482 813 fundus
497 784 561 820 fiat,
578 794 600 813 s.
620 783 665 813 uti
680 784 847 823 loquuntur
861 781 883 812 J
887 781 947 818 Cti,
964 780 1040 811 aeci-

152 824 218 865 piat
232 825 424 856 donationem
438 837 447 862 3
472 826 512 856 sie
532 826 618 856 nulla
632 827 682 856 lex
698 826 848 862 Romana,
871 824 933 865 quii
948 824 1040 853 bene-

152 867 256 898 ficium
272 868 356 899 sociis
378 869 480 899 aliisve
500 869 620 909 populis
641 868 794 906 tribuitur,
817 873 882 897 rata
902 876 965 896 esse
986 876 1040 907 po-

152 915 222 948 test,
239 917 268 941 et
282 921 319 941 ex
334 910 368 941 eti
381 912 447 952 lege
463 912 605 942 beneficio
627 911 791 952 quisquam
813 910 870 947 uti,
891 908 949 939 nisi
971 919 1039 939 eam

152 953 252 993 legem
277 955 458 994 probaverit,
485 954 517 984 h.
540 965 565 984 e.
595 954 745 995 professus
771 954 819 990 sit,
843 963 874 983 se
895 951 1038 982 beneficio

153 996 229 1036 legis
244 996 290 1026 uti
306 997 391 1027 velle.
419 997 496 1027 Haec
516 1007 703 1038 quamquam
719 997 785 1036 jam
806 997 844 1025 ab
864 995 940 1031 aliis,
958 1000 1037 1024 tam-

151 1049 246 1080 quam
273 1039 404 1077 Graevio,
428 1040 508 1070 dicta
529 1045 611 1076 sunt,
636 1046 736 1069 tamen
759 1038 873 1079 placuit
895 1043 1037 1077 repetere,

151 1081 245 1121 quod,
262 1081 293 1111 in
314 1082 370 1112 hac
384 1082 527 1120 formula,
540 1081 644 1122 fundi
653 1081 740 1122 fiictz'
758 1087 832 1111 sunt
845 1081 964 1120 populi,
986 1089 1038 1109 ex-

150 1123 301 1164 plicandzi‚
319 1125 409 1155 etiam
424 1135 505 1155 nunc
520 1135 616 1155 errare
631 1125 732 1155 doctos
748 1124 826 1154 viros
841 1123 951 1153 inveni.
1033 1126 1035 1130 “

194 1169 296 1198 Jtmia
313 1169 348 1196 de
360 1170 541 1207 peregrinis.
568 1169 608 1199 V.
626 1169 731 1197 Penni
745 1169 780 1197 de
790 1166 971 1206 peregrinis.

194 1211 293 1241 Junia
310 1211 449 1241 Licinia.
471 1212 511 1242 V.
528 1212 653 1241 Licinia
669 1211 781 1241 Jum'a.

194 1254 333 1283 Laetoria
351 1257 418 1294 (pro
432 1265 493 1295 quo
508 1254 539 1283 in
555 1254 659 1284 multis
675 1254 776 1293 vulgg.
789 1251 939 1282 Ciceronis
954 1250 1038 1281 libris

151 1296 232 1326 male
256 1303 300 1326 est
316 1297 482 1333 Plectorz'a‚
502 1298 657 1331 Laetoria,
685 1297 835 1331 Platoria,
855 1294 982 1324 sollenni
1000 1293 1037 1322 li-

152 1339 321 1369 brariorum
332 1341 532 1375 aberratione3
544 1351 569 1369 υ.
580 1339 734 1369 Drakenb.
745 1338 783 1368 ad
795 1337 863 1367 Liv.
872 1336 1035 1373 XXXIV,

153 1381 209 1420 45)
228 1388 335 1412 contra
346 1384 645 1421 circumscriptiones
657 1377 892 1411 aclolescentz‘cm.
913 1378 962 1408 De
972 1378 1035 1408 Off.

151 1424 220 1461 ΙΙΙ,
241 1426 288 1455 15.
307 1425 379 1455 vid.
396 1426 519 1455 Manut.
535 1426 573 1455 ad
583 1425 644 1456 Cic.
658 1425 729 1454 locis
740 1423 818 1453 infra
833 1421 928 1452 citatis
941 1432 951 1457 3
968 1421 1036 1451 Sal-

152 1467 285 1496 masium
300 1467 338 1497 ad
355 1468 573 1508 Capitolinum,
587 1468 618 1497 in
632 1468 745 1497 Anton.
759 1466 860 1507 p.330
873 1475 882 1500 3
907 1469 936 1493 et
953 1464 1036 1493 Gru-

150 1513 250 1538 terum
275 1510 396 1540 ibidem.
430 1511 478 1541 Εἰι
498 1510 748 1546 minorennitatis,
771 1514 805 1538 ut
820 1512 936 1542 vocant,
961 1506 1034 1536 anni

151 1550 267 1581 definiti
282 1559 361 1582 sunt.
386 1552 433 1582 Ea
455 1554 536 1584 enim
557 1559 680 1583 cautum
699 1559 753 1589 est,
769 1562 808 1581 ne
824 1550 931 1582 XXV
942 1550 1035 1579 annis

150 1595 285 1625 minores
305 1597 452 1634 stipulari
472 1602 605 1635 possent,
629 1602 748 1626 auctore
768 1596 891 1625 Sueton.
914 1591 952 1621 L.
972 1591 1032 1622 IV.

150 1636 277 1668 Rhetor.
303 1648 351 1678 ap.
377 1639 520 1669 Priscian.
539 1645 568 1669 et
586 1639 662 1668 inter
686 1637 854 1677 fragmenta
873 1633 1030 1665 Suetonii:

147 1679 228 1710 unde
247 1682 532 1715 Quz‘navz‘cennarzkz
557 1681 667 1712 Plauto
687 1680 796 1710 dicitur
815 1679 848 1709 in
869 1676 979 1708 Pseud.
1001 1676 1030 1713 Ι,

143 1722 177 1760 3,
204 1723 255 1755 68.
288 1724 357 1755 Hac
379 1724 445 1765 lege
471 1725 512 1756 rei
539 1725 662 1765 privatae
684 1722 846 1763 judicium,
870 1719 1026 1761 publicum
