1137 1848
341 74 489 107 INDEX
512 75 684 106 LEGUM.
914 78 954 107 29

80 168 136 192 toto
151 161 309 192 Februario
323 161 459 201 quotidie,
476 160 508 190 h.
523 171 548 191 e.
565 161 706 191 omnibus
718 160 834 199 diebus,
849 161 959 201 quibus

79 209 200 235 senatus
222 203 326 234 haberi
346 209 455 244 posset,
480 210 597 234 senatus
621 204 807 245 legationzbus
830 206 963 234 daretur.

80 247 133 278 Ad
150 248 212 285 Qu.
230 247 281 276 Fr.
298 246 346 285 II,
366 247 414 276 12.

125 289 164 320 L.
194 290 280 320 Gellii
299 296 328 320 et
350 291 404 320 Cn.
429 289 553 319 Cornclii
577 289 639 328 lex,
662 290 704 319 A.
718 289 759 320 U.
787 290 860 326 681,
885 296 962 320 tem-

82 342 154 373 pore
174 332 245 362 belli
271 332 413 362 Mithrid.
435 332 472 362 de
491 335 610 362 senatus
632 332 777 363 sententia
797 332 907 369 sanxit,
930 336 963 362 ul

80 377 156 405 cives
175 374 297 405 Romani
318 382 407 405 essent
432 375 629 414 oprimojure,
649 387 716 415 <suos
739 378 795 405 Cn.
816 377 965 413 Pompeius

83 419 246 456 imperator,
261 420 297 447 de
312 419 422 448 consilii
442 418 535 448 bellici
552 419 600 458 (ut
615 419 678 448 Cic.
695 419 827 459 appellat
844 418 873 447 in
892 418 965 449 vat.

83 471 108 490 c.
134 460 186 499 15)
214 462 369 499 sententia,
389 461 537 502 sigillatim
555 463 671 491 civitate
686 461 813 491 donarit.
835 461 891 491 Or.
909 471 964 501 pro

84 503 195 541 Balbo,
212 513 239 535 e.
256 505 286 541 8,
305 504 354 534 14.

128 545 261 577 Glaucia.
278 547 318 577 V.
342 547 460 576 Servilia
476 547 511 576 de
522 548 698 585 repetundis.

130 589 163 620 C.
180 589 307 620 Gracchi
315 590 527 629 frumentaria.
552 590 591 621 V.
616 590 835 620 Frztmentariae.

129 632 161 662 C.
187 631 313 663 Gracchi
330 633 380 663 lex
405 634 441 662 de
454 634 569 672 judicio
596 635 697 672 cupitis
716 633 783 663 civis
805 633 888 664 Rom,
924 633 965 664 V.

86 676 258 713 Semproniae
272 677 355 714 leges.

128 717 228 755 Helia,
245 729 313 759 quae
328 729 346 748 a
360 717 514 748 nonnullis
529 729 545 748 e
562 717 706 749 Cicerone
721 718 873 756 laudatur,
891 729 918 749 v.
934 729 961 749 c.

87 759 119 789 in
135 760 296 790 Nizoliano
310 761 418 798 lexico,
434 767 477 791 est
498 761 594 797 AElia,
611 761 648 791 de
668 760 729 801 quii
744 772 797 791 suo
812 762 886 792 loco.
905 762 965 792 He-

89 803 158 832 liam
172 810 293 843 gentem
308 804 426 833 nullam
442 804 549 834 Romae
567 804 658 834 fuisse
674 805 759 835 docet
779 805 964 842 Perizonius,

89 845 127 875 de
142 855 226 875 num.
243 846 355 877 consul.
369 857 398 886 p.
415 847 476 881 35,
468 857 476 864 ·
501 847 533 876 in
549 846 643 887 'frig-:1
658 847 738 877 Diss.
754 858 784 887 p.
805 848 874 877 151.

131 888 286 918 Hiemnica
306 899 384 929 saepe
398 889 430 918 in
447 889 477 919 V
479 889 582 919 errinis
604 895 799 927 memoratur,
813 900 840 920 v.
860 890 968 927 c.111‚

91 931 152 967 13;
178 931 239 969 IV,
264 932 295 970 7,
322 933 384 968 513
409 932 451 968 V,
477 934 528 962 22.
551 932 618 962 Lex
640 932 699 962 fuit
724 932 907 971 Siculorum,
933 944 970 963 ex

88 984 161 1013 qua,
183 973 260 1004 inter
279 980 408 1004 aratores
429 954 473 1015 (11.
501 985 526 1005 e.
551 975 605 1015 qui
630 985 715 1015 agros
737 975 873 1016 publicos
898 986 969 1016 pop.

88 1016 182 1046 Rom.
203 1016 260 1047 hac
283 1017 451 1047 conditione
475 1028 509 1048 ac
528 1018 594 1058 lege
616 1024 761 1056 tenerent,
785 1024 820 1048 ut
840 1018 971 1049 decimas

89 1059 251 1101 quotannis
275 1059 381 1090 darent
404 1070 474 1101 pop.
494 1061 601 1097 Rom.)
627 1066 655 1091 et
675 1061 855 1091 decumanos
881 1061 926 1103 (h.
943 1072 969 1092 e.

89 1102 277 1142 publicanos,
304 1102 358 1142 qui
384 1102 525 1133 decumas
545 1102 759 1142 redemerant),
784 1104 897 1143 judicia
916 1105 970 1134 fie-

89 1151 165 1175 rent.
188 1144 276 1175 Verr.
293 1145 361 1183 III,
383 1146 431 1175 13.
455 1145 536 1176 Eam
553 1146 675 1176 dederat
696 1146 791 1177 Hiero
811 1157 875 1182 rex,
895 1157 967 1187 pop.

91 1187 184 1218 Rom.
200 1187 325 1226 amicus,
342 1188 403 1218 suis
418 1189 584 1219 aratoribus
604 1196 634 1219 et
648 1189 831 1219 decumanis.
855 1190 969 1220 Similis

90 1236 195 1261 autem
219 1236 282 1260 erat
301 1231 418 1271 legibus
440 1232 623 1262 locationum
644 1232 878 1272 pactionumque
902 1242 970 1263 cen-

91 1273 186 1303 soriis.
209 1273 294 1304 Nam
314 1275 350 1304 eit
372 1274 569 1304 constitutum
590 1281 663 1312 erat,
681 1276 782 1315 quibus
800 1277 971 1305 conditioni-

96 1317 148 1345 bus
161 1321 287 1346 aratores
301 1317 396 1347 Siculi
410 1327 493 1357 agros
511 1320 589 1358 regis
605 1320 774 1349 obtinerent.
796 1318 910 1357 Scripta
929 1320 970 1348 ita

92 1359 245 1399 diligenter
259 1365 309 1395 est,
323 1359 382 1400 (ait
397 1359 511 1400 Cicero,
525 1361 613 1391 Verr.
625 1360 686 1398 IV,
700 1359 735 1400 8)
752 1367 786 1391 ut
801 1371 865 1391 eum
879 1363 970 1400 scrip-

93 1404 160 1432 sisse
182 1408 328 1441 appareat,
355 1404 405 1443 qui
427 1404 485 1433 alia
506 1404 657 1444 vectigalia
680 1415 737 1433 ηοη
767 1404 881 1434 haberet
893 1416 904 1441 ,·
927 1406 970 1434 ita

91 1454 194 1481 severe,
215 1450 249 1474 ut
274 1451 453 1485 tyrannum3
477 1447 534 1486 qud
560 1446 619 1486 lege
640 1447 750 1477 Siculis
768 1452 861 1476 tamen
885 1457 971 1477 arare

94 1487 249 1526 expediret.
268 1487 346 1518 Nam
359 1489 402 1518 ita
416 1489 573 1528 diligenter
586 1491 742 1520 constituta
757 1492 906 1529 suntjura
920 1490 970 1520 de-

93 1540 223 1566 cumano,
245 1536 279 1561 ut
295 1537 391 1561 tamen
405 1532 441 1561 ab
460 1533 549 1562 invito
568 1539 680 1562 aratme
698 1533 764 1572 plus
781 1532 901 1562 decuma
915 1543 971 1562 non

90 1575 178 1612 possit
199 1573 321 1614 auferri.
346 1573 450 1605 Cum
443 1575 535 1615 lgitur
556 1575 700 1616 Rupilius
717 1581 826 1616 praetor
839 1575 972 1606 Siciliam

92 1615 125 1646 in
139 1616 300 1656 provinciae
320 1616 449 1648 formam
464 1617 618 1658 redigeret,
641 1628 707 1648 eam
722 1619 759 1648 de
779 1618 893 1649 consilii
906 1628 973 1648 sen-

93 1659 188 1689 tentia
209 1659 343 1698 retinuit,
369 1665 398 1690 et
418 1661 583 1691 aratoribus
603 1661 667 1701 agri
687 1661 897 1691 Romanorum
916 1671 972 1702 pu-

95 1701 166 1732 blici
180 1701 273 1740 dedit,
289 1702 371 1743 quod
382 1704 447 1742 ejus
462 1703 635 1743 aequitatem
646 1710 846 1744 perspexerat.

140 1744 255 1785 Hirtia,
270 1745 341 1787 lata,
362 1746 449 1786 jussu
473 1745 610 1786 Caesaris,
627 1757 645 1779 a
659 1752 785 1788 praetore
800 1747 839 1779 A.
857 1747 971 1784 Hirtio,

700 1798 722 1820 D
739 1791 759 1820 3
