1122 1868
164 108 226 138 402
378 108 525 140 INDEX
549 106 834 141 HISTORICUS.

211 195 266 223 M.
286 195 470 231 Varisidius,
486 195 525 225 ad
538 195 609 225 Div.
623 195 666 230 X,
679 195 709 229 7.
723 196 772 224 12.
786 203 876 234 eques
887 193 1055 224 Romanus.

212 237 252 266 L.
274 238 384 268 Varius
401 239 534 278 Cotylas,
550 237 632 267 Phil.
650 235 748 273 XIII,
766 241 813 266 1¹2.
827 237 965 267 columen
977 236 1056 266 ami-

169 289 275 309 corum
292 281 429 311 Antonii.
453 281 534 312 Phil.
551 279 649 318 VIII,
664 282 703 309 10
718 285 747 310 et
766 280 813 310 ll.
829 280 946 320 legatus
958 280 1056 310 Anto-

169 321 213 352 nii
229 322 268 352 ad
283 328 431 354 senatum.

215 366 255 395 P.
277 367 396 401 Varius,
415 367 479 396 Att.
498 366 525 402 I,
544 368 572 395 1.
585 365 703 396 videtur
717 365 875 396 foenerator
890 365 990 395 fuisse.

216 407 254 443 Q.
274 410 387 439 Varius
403 411 553 448 Hybrida,
562 408 766 445 Sucronensis,
780 410 862 439 Sext.
874 410 925 444 47.
936 408 1057 438 seditio-

171 461 232 480 sus.
249 451 276 480 ei
291 452 398 482 restitit
414 453 461 481 M.
476 454 616 483 Scaurus.
641 450 725 481 Orat.
741 449 769 487 I,
787 454 836 481 25.
852 451 943 481 homo
956 457 1057 481 vastus

171 498 201 522 et
216 493 324 532 foedus,
347 494 397 524 sed
420 495 592 535 eloquenti&
613 504 757 534 magnam
773 494 900 534 gratiam
916 504 1058 524 consecu-

171 540 230 565 tus.
252 536 341 566 Brut.
359 538 399 568 49
427 538 477 567 62.
494 539 592 567 bonus
607 543 714 566 orator.
738 537 827 567 Brut.
843 538 895 567 89.
919 537 975 566 suit
990 537 1057 576 lege

171 577 334 609 damnatus
358 586 421 615 est;
451 580 488 609 de
512 579 573 620 quii
596 579 664 609 vide
692 581 766 609 Iud.
795 580 924 619 Legum.
948 579 990 609 N.
1013 579 1056 608 D.

172 619 238 658 ΠΙ,
255 625 307 652 33.
332 622 470 652 Drusum
485 622 575 657 ferro,
591 628 621 652 et
634 622 798 652 Metellum
814 632 940 659 veneno,
957 628 1058 652 sustu-

170 663 227 699 lit;
252 675 374 694 summo
390 665 523 695 cruciatu
536 665 599 705 ipsc
608 664 706 705 periit.
722 675 752 704 p.
768 665 817 695 M.
834 666 937 695 Scaur.
954 664 990 694 fr.
1007 664 1057 694 M.

170 706 320 746 Scaurum
336 708 503 748 principem
523 708 554 737 in
570 707 747 748 proditionis
763 708 874 737 crimen
889 713 975 738 vocat
993 707 1060 747 lege

171 749 237 785 suit,
255 749 307 779 sed
331 750 451 780 frustra.
475 750 564 781 Conf.
590 750 691 779 Valer.
711 750 800 780 Max.
826 750 890 789 Ill,
910 752 942 786 7.
965 760 1060 791 quem

170 792 362 831 reprehendit
371 793 605 833 VVesselingius,
622 793 698 823 Obs.
716 792 743 829 Ι,
766 797 773 823 1
788 797 812 823 1.

216 834 252 868 Q.
277 837 398 872 Varius,
416 835 504 866 Verr.
532 835 595 872 ΙΙΙ,
621 837 670 865 48.
693 835 776 865 testis
794 836 825 866 in
841 837 980 866 Verrem.
1003 835 1058 866 An

171 876 221 906 hic
237 884 291 914 est,
309 879 362 918 qui
377 879 454 908 inter
466 879 582 918 judices
599 878 786 908 Milonianos
802 879 885 909 fuit?
913 879 985 908 Mil.
1001 881 1053 910 27.

216 920 257 949 A.
283 922 377 951 Varro
394 923 540 957 Illuretm,
558 921 744 959 eTerentiis,
761 921 799 951 ad
812 922 883 952 Div.
895 921 991 958 XVI,
1009 925 1056 952 li).

169 964 568 995 amantissinms'Ciceronis.
586 963 672 993 Idem
683 965 810 994 occurrit
819 965 857 995 ad
868 964 942 995 Div.
952 964 1055 1002 XIII,

169 1009 223 1035 22.
247 1006 356 1037 Postea
370 1008 474 1038 consul
490 1008 548 1037 fuit
563 1008 604 1037 A.
621 1007 662 1037 U.
675 1007 748 1041 730.

215 1050 247 1079 C.
280 1051 386 1087 Varro,
415 1061 430 1080 e
454 1049 614 1080 Terentiis.
646 1050 734 1079 Brut.
762 1050 809 1079 19.
836 1050 889 1090 qui
912 1050 945 1079 in
968 1049 1053 1081 clade

172 1089 326 1122 Cannensi
341 1103 410 1123 cum
429 1093 526 1123 Paulo
541 1093 655 1132 collegii
671 1092 786 1129 cecidit,
810 1093 850 1122 A.
867 1093 906 1123 U.
921 1095 993 1124 537.
1010 1093 1051 1123 V.

169 1133 207 1164 de
223 1145 258 1164 eo
278 1135 347 1165 Liv.
364 1136 480 1171 XXII.
497 1137 547 1165 25.
564 1146 625 1176 seq.

214 1179 247 1207 C.
271 1179 376 1214 Varro,
391 1189 406 1209 e
417 1179 446 1209 V
448 1178 560 1213 iselh'is,
579 1178 671 1207 Prov.
684 1177 775 1208 Cons.
791 1179 838 1212 17.
855 1179 1051 1209 consobrinus

170 1217 333 1251 Ciceronis.
358 1222 444 1251 Verr.
462 1222 510 1257 ΙΙ,
535 1222 586 1250 28.
606 1221 746 1250 tribunus
766 1221 899 1251 militum
917 1221 948 1251 in
965 1220 1051 1260 Asizi,

167 1269 295 1303 praetore
312 1263 348 1294 C.
364 1265 496 1295 Nerone.
524 1264 571 1294 Cf.
591 1265 623 1294 C.
648 1265 788 1294 Visellius
808 1266 912 1294 Varro.

209 1304 257 1335 M.
283 1308 389 1345 Varro,
413 1318 429 1337 e
452 1307 613 1337 Terentiis.
636 1307 725 1337 Brut.
750 1308 801 1336 56.
827 1307 864 1337 L.
887 1306 1050 1337 AEmilium

167 1356 381 1389 praeceptorem
405 1349 521 1379 habuit.
553 1349 591 1379 ad
614 1349 686 1379 Div.
718 1349 818 1387 XIII,
846 1353 895 1379 10.
922 1356 1053 1390 quaestor

169 1391 219 1421 JM.
234 1392 326 1422 Bruti
342 1392 477 1433 praetoris
498 1393 608 1422 Galliae
629 1392 803 1433 Cisalpinae,
824 1393 898 1423 ibid.
914 1393 982 1431 XI,
1003 1396 1051 1423 10.

168 1435 234 1472 ejus
245 1435 388 1465 thesauri.
414 1435 484 1465 Vid.
503 1435 629 1466 Corrad.
646 1442 675 1465 et
690 1436 815 1466 Manut.
838 1435 877 1466 ad
892 1436 922 1465 h.
938 1436 959 1465 l.
983 1435 1048 1466 Att.

167 1475 268 1513 XIII,
291 1482 335 1508 13.
354 1479 402 1509 16.
415 1485 444 1508 et
459 1481 506 1507 18.
521 1478 604 1519 cupit
618 1478 734 1518 aliquid
745 1489 761 1508 a
775 1477 919 1509 Cicerone
933 1479 990 1508 sibi
1005 1478 1052 1508 in-

167 1520 255 1549 scn'bi
269 1531 278 1555 ς
304 1528 579 1559 πολυγρτζωτατος.
603 1521 641 1551 ad
668 1521 740 1550 Div.
768 1520 830 1558 IX,
860 1525 908 1552 13.
931 1521 1048 1561 legatus

165 1561 310 1603 Pompeii
329 1563 360 1593 in
380 1563 530 1604 Hispani&
551 1564 694 1594 ulteriori.
718 1564 790 1594 Div.
816 1563 844 1601 I,
869 1565 920 1593 31.
945 1563 1051 1595 doctus

164 1604 267 1639 homo,
278 1612 459 1645 perterretur
470 1607 609 1636 vaticinio
619 1607 777 1646 cujusdam
789 1606 903 1636 Rhodii
915 1607 1047 1647 remigis.

165 1646 247 1677 Phil.
265 1648 311 1685 ΙΙ,
329 1652 380 1678 41.
396 1650 461 1687 ejus
476 1649 580 1679 villam
596 1655 721 1689 occupat
737 1649 785 1679 M.
806 1648 972 1687 Antonius,
989 1650 1047 1680 &a

164 1689 214 1719 De
229 1700 263 1719 eo
275 1701 302 1719 v.
321 1691 401 1721 Plin.
421 1692 462 1721 ΙΙ.
483 1692 524 1721 N.
541 1691 621 1728 VII,
638 1693 689 1722 30.

204 1733 243 1763 P.
267 1734 378 1772 Varus,
395 1734 512 1773 Attius,
538 1735 606 1775 Lig.
624 1738 654 1765 2.
677 1734 790 1766 Africae
812 1739 934 1775 praetor,
959 1734 1047 1765 Afri-
