1137 1848
330 46 479 78 INDEX
503 47 677 78 LEGUM.
902 47 943 82 37

99 133 253 164 Lurconis
268 133 319 163 Iex
333 133 371 163 de
384 134 503 164 ambitu
519 134 581 164 lata
596 138 640 163 est
654 134 693 163 ab
708 133 838 175 Aufidio
856 133 944 163 Lur-

55 185 128 205 cone
145 177 241 217 (unde
255 177 385 218 Aufidia
408 175 545 215 dicitur),
566 177 605 206 A.
622 176 664 206 U.
683 176 759 213 692,
780 176 890 206 Pisone
914 182 944 206 et

56 218 191 249 Messala
207 230 278 250 coss.
301 230 368 260 quae
384 220 482 260 qualis
498 219 597 256 fuerit,
621 219 808 259 cognoscitur
829 229 867 249 ex
882 219 944 260 Ep.

57 261 96 290 ad
113 262 177 291 Att.
196 263 223 299 1,
243 263 270 292 l.

100 305 242 339 Lucana,
261 306 308 336 vel
324 307 487 340 Lucania,
510 306 571 336 lata
589 307 624 340 Q.
642 306 774 336 Lutatio
793 306 901 336 Catulo
917 310 947 334 et

58 345 108 376 M.
124 348 252 378 AEmilio
266 359 339 378 coss.
358 350 398 378 A.
415 349 454 379 U.
472 350 546 387 675,
563 348 600 378 de
612 349 653 385 vi,
678 348 810 378 acerbior
827 347 944 383 Plotia,

57 389 118 429 quai
141 391 289 421 sancitum
314 398 369 429 est,
386 398 421 421 ut
446 392 537 421 etiam
562 391 644 421 festis
665 391 771 421 diebus
793 391 945 432 ludisque,

56 433 169 472 quibus
195 434 310 472 judicia
339 435 424 464 nulla
453 440 549 471 erant,
581 434 657 475 (vid.
684 434 700 464 Ι
727 434 758 464 in
783 435 870 465 Verr.
890 433 944 473 lo)

56 475 94 504 de
110 476 139 506 vi
154 477 249 516 quaeri
264 483 371 517 posset.
396 477 456 507 Pro
468 476 575 514 Coelio,
591 487 615 507 c.
632 478 660 513 l,
676 477 744 517 (ubi
755 477 894 517 Pighius,
908 477 947 507 ad

58 519 100 548 A.
127 519 201 557 664,
224 520 284 560 legi
306 521 371 550 vult
396 521 503 550 retulzt
527 530 582 560 pro
606 520 691 559 tulit)
714 526 743 550 et
766 521 818 550 29.
849 520 947 560 Prop-

58 567 138 591 terea
153 568 256 592 autem
271 563 345 593 adeo
360 574 459 593 severe
479 563 517 593 de
532 563 561 593 vi
577 564 726 593 sancitum
743 569 797 600 est
814 562 896 603 quod
912 573 948 593 eo

58 609 192 644 tempore
200 616 286 635 arma
297 605 327 635 in
340 606 406 646 ipsa
421 606 506 636 Urbe
515 608 710 637 versabantur
720 605 841 641 civflia;
859 605 948 636 adeo-

59 657 119 688 que
134 648 329 679 seven'ssimis
343 649 461 689 legibus
476 649 639 679 coercenda
653 649 697 679 vis
713 654 784 679 erat.
808 649 829 678 l.
846 659 872 678 c.

103 692 238 728 Maenla,
260 692 322 722 lata
345 703 364 722 a
379 693 511 729 Maenio,
528 692 596 722 trib.
619 692 662 733 pl.
684 692 727 721 A.
743 692 784 722 U.
809 692 884 729 467,
909 697 946 722 ut

58 741 169 773 patre-S,
186 740 255 764 ante
270 735 345 764 inita
361 746 379 765 a
394 735 508 775 populo
523 734 677 775 suffragia,
694 735 799 765 fierent
813 740 949 766 auctores

58 777 124 815 ejus
148 776 201 813 rei,
218 787 312 818 quam
333 779 465 818 populus
485 778 625 817 jussurus
645 784 731 814 esset,
755 788 854 818 neque
874 778 950 808 adeo

58 819 275 859 reprehendere
289 820 422 858 comitia,
438 821 468 850 h.
485 831 510 850 e.
527 820 610 850 irrita
625 820 732 857 facere,
748 825 879 861 possent.
909 821 950 851 In

59 863 170 899 Bruto,
187 872 211 892 c.
226 863 274 892 14.
297 863 350 893 Ad
366 863 444 893 hanc
459 864 557 903 Iegem
573 864 692 903 respicit
708 863 827 900 Livius,
844 862 872 899 I,
887 864 925 899 17
937 875 947 894 ε

60 907 282 940 Decrevercmt,
298 912 346 940 ut,
365 916 399 935 eu
406 917 432 935 m
441 907 574 945 populus
590 917 690 945 regem
693 906 848 945 jussisset,
858 907 890 936 id
905 908 948 937 sic

60 955 164 979 ratum
182 954 265 983 esset,
283 950 309 978 si
318 955 423 988 patres
438 952 696 987 aucloresfierent
705 964 715 985 ;
738 950 896 989 hodieque,
915 951 949 980 in

59 993 177 1031 legibus
198 993 490 1032 magistratibusque
505 994 660 1032 rogandis,
681 998 853 1032 usurpatur
868 994 948 1023 idem

49 1035 117 1075 jus,
133 1037 164 1065 vi
178 1034 312 1065 ademtd.
338 1036 531 1074 Priusquam
542 1037 677 1075 populus
692 1034 881 1075 suffragium
897 1038 948 1066 ἰη-

59 1084 118 1113 eal,
134 1079 166 1108 in
182 1079 335 1108 incertum
350 1080 543 1108 comitiorum
563 1085 701 1109 eventum
720 1085 826 1118 patres
841 1085 948 1110 aucto-

59 1123 214 1163 resflunt.
245 1122 398 1152 Caeterum
420 1122 470 1152 Iex
487 1122 603 1151 Maenia
618 1122 807 1152 confirmavit
827 1128 949 1153 tantum

61 1170 91 1195 et
112 1164 231 1205 repetiit
247 1165 345 1204 legem
363 1165 533 1195 Publiliam
552 1165 583 1194 in
600 1165 738 1195 eamdem
754 1165 948 1203 sententiam,

59 1209 125 1247 jam
139 1208 182 1238 A.
199 1207 239 1237 U.
258 1208 332 1245 414,
356 1218 373 1237 a
389 1208 429 1245 Q.
447 1207 582 1238 Publilio
603 1207 733 1237 Philone
748 1207 890 1238 dictatore
905 1209 951 1238 la-

62 1257 137 1289 tam,
152 1250 220 1280 Liv.
237 1250 337 1288 VIII,
357 1251 405 1280 12.
436 1250 509 1281 Vid.
532 1250 665 1280 Gronov.
687 1251 750 1280 obs.
772 1251 801 1288 1,
819 1252 871 1289 25,
897 1251 952 1292 qui

61 1294 163 1324 locum
178 1293 268 1323 illum
284 1292 435 1323 Ciceronis
450 1293 567 1334 egregie
582 1293 721 1323 illustrat.

107 1337 175 1366 Lex
191 1337 378 1375 Majestatis‚
399 1336 491 1368 Corn.
509 1336 613 1373 bullae.
629 1336 661 1365 in
678 1336 780 1365 Pison.
802 1346 826 1366 c.
844 1337 895 1366 21.
908 1336 951 1367 V.

65 1380 207 1410 Cornelia
219 1381 255 1409 (le
267 1379 431 1419 majestate.
456 1379 570 1408 Praeter
580 1389 657 1416 eam,
669 1378 706 1408 de
718 1380 874 1418 majestate
883 1380 952 1410 lau-

63 1423 174 1452 dantur
194 1422 276 1462 apud
301 1422 477 1452 Ciceronem
493 1422 641 1461 Apuleia,
666 1422 768 1457 Varia,
789 1423 890 1459 Julz'a,
915 1423 953 1454 de

64 1465 176 1506 quibus
192 1465 252 1495 suis
267 1465 350 1495 locis.

108 1509 258 1538 Ιῑίατηίίὶα
274 1509 311 1537 cle
326 1508 605 1549 regtmtlisfirzilus
620 1518 779 1547 agrorum,
795 1508 826 1538 h.
840 1518 864 1538 e.
881 1508 953 1539 fun-

65 1551 173 1581 dorum
186 1561 195 1587 3
219 1551 282 1591 qua
297 1551 493 1581 constitutum
510 1556 564 1587 est,
576 1557 621 1588 ut,
631 1551 663 1580 in
675 1551 786 1581 finibus
795 1561 951 1591 agrorum,

65 1593 202 1634 quinque
230 1593 320 1633 pedes
350 1593 381 1623 in
412 1593 604 1623 latitudinem
633 1593 884 1634 relinquerentur,
917 1602 953 1625 ut

66 1637 165 1676 Legg.
180 1636 251 1666 XII
264 1636 293 1665 T
296 1637 364 1666 abb.
380 1636 578 1666 constitutum
591 1642 677 1673 esset,
694 1642 723 1666 et
746 1636 858 1676 singuli
872 1637 952 1667 arbi-

64 1679 104 1709 tri
115 1678 251 1719 regendis
261 1679 372 1709 finibus
383 1679 537 1715 darentur,
554 1689 624 1709 cum
634 1689 649 1709 e
661 1679 758 1719 Legg.
771 1679 841 1708 XII
850 1679 951 1710 Tabb.

65 1728 126 1751 tres
140 1727 248 1759 essent,
264 1721 290 1752 si
304 1722 341 1753 de
357 1722 468 1753 finibus
488 1728 553 1753 orta
571 1721 769 1753 controversia
787 1728 871 1754 esset.
904 1723 953 1754 De

110 1765 256 1802 (Clavis.)
714 1772 737 1795 E
