1122 1868
172 57 231 91 170
377 57 526 90 INDEX
551 57 838 90 HISTORICUS.

214 142 361 180 Calenus,
378 143 460 175 Phil.
476 144 520 180 X,
540 147 567 175 1.
584 144 719 180 (Fufius)
735 144 849 175 Brutos
858 153 918 174 non
933 144 1053 184 probat,

169 185 221 216 sed
238 186 409 217 Antonium
422 198 432 223 ς
457 194 485 218 et
500 193 658 228 propterea
673 199 690 217 a
706 188 850 218 Cicerone
864 186 1057 223 reprehendi-

169 236 230 259 tur.
253 229 317 260 Att.
336 229 363 266 I,
382 233 429 260 14.
447 231 517 261 trib.
533 231 576 271 pl.
595 231 630 260 P.
655 229 763 262 Clodio
782 230 873 261 favet.
889 229 962 260 Vid.
987 229 1057 260 Lea:

174 273 283 314 Fufia,
301 278 329 302 et
345 273 376 302 in
395 274 430 309 Q.
450 275 568 307 fusius.

217 317 276 346 Cn.
295 317 450 354 Calidius,
468 317 555 347 Verr.
573 316 615 353 V,
629 318 679 347 20.
693 326 784 357 eques
799 316 892 346 Rom.
908 314 941 345 in
955 314 1059 346 Sicilia

174 360 352 399 negotiator,
369 360 455 398 cujus
471 360 551 390 filius
566 366 684 390 senator
699 359 766 389 fuit.

215 403 258 431 M
281 403 430 437 Calidius,
457 403 497 440 Q.
516 403 566 433 Fr.
588 402 619 432 in
640 404 709 433 Sen.
728 413 759 442 p.
776 401 878 432 Redit.
895 402 925 432 9.
948 406 1060 441 praetor

171 445 232 475 des.
254 445 288 474 P.
311 445 444 475 Lentulo
460 446 621 485 Spinthere
636 456 693 477 cos.
711 446 765 475 Er.
782 446 834 480 79.
853 450 952 475 orator
966 454 1061 484 prope

173 488 343 527 singularis.
365 488 498 525 Quintil.
518 489 561 524 X,
582 491 608 517 l.

217 531 252 566 Q.
279 532 432 566 Calidius,
461 532 564 561 Plane.
591 532 642 561 ⁶28.
665 533 716 562 29.
737 532 804 571 lege
829 530 870 568 Q.
895 529 1061 560 Metellum

172 573 302 603 Numid.
333 574 472 604 restituit.
499 575 550 604 Fit
576 580 698 615 praetor,
725 573 914 614 supplicante
949 573 1063 613 populo

174 616 312 646 Metello.
336 617 426 646 Verr.
443 616 502 653 IV.
525 619 577 647 25.
596 627 614 646 a
629 617 670 654 Q.
693 617 794 647 Lollio
809 622 974 646 accusatur.
990 626 1029 645 sc.
1046 623 1063 645 e

173 659 307 699 praeturssr
342 659 538 700 Hispaniensi
553 672 560 690 z
593 670 781 700 quamquam
810 658 959 689 Asconius
984 658 1016 688 id
1045 668 1063 688 a

174 702 276 732 Gallio
289 701 403 732 factum
414 708 502 738 putat
516 715 523 733 z
549 702 631 742 quod
644 702 680 732 M
685 702 814 732 enardus
823 712 884 732 non
897 710 1064 743 conooque-

174 746 236 775 bat.
260 744 290 773 in
308 745 396 774 Vel-r.
416 744 444 781 Ι,
465 748 513 775 13.
531 746 636 775 Plane.
653 747 702 775 29.
720 745 946 776 condemnatur.

220 788 456 824 Callicratidas
474 788 538 819 Off.
556 788 583 822 Ι,
598 790 648 818 24.
667 787 970 819 Lacedaemoniorum
985 786 1062 824 dux,

174 841 245 861 cum
260 831 360 861 multa
376 830 493 862 fecisset
509 831 637 872 egregie,
654 831 693 861 ad
709 837 880 862 extremum
895 829 984 860 vertit
998 839 1065 859 om-

173 873 235 910 nia.
261 884 372 914 nempe
392 875 497 914 proelio
515 875 554 904 ad
574 874 754 914 Arginusas.
777 874 826 904 De
841 884 872 904 re
893 883 921 903 v.
938 871 1065 902 Diodor.

174 916 234 947 Sic.
251 916 354 952 XIII
370 927 401 957 p.
417 918 488 953 ⁹17.
507 928 550 957 sq.
568 916 618 947 De
633 917 696 947 Off.
715 916 742 954 I,
759 918 810 947 30.
826 915 996 956 impatiens.

220 960 409 998 CalHdama,
426 961 458 991 V
459 971 514 991 err.
533 959 598 999 ῙΙΙ,
615 961 666 990 36.
684 960 832 1001 Agathini
848 959 890 990 fil.
919 957 1065 988 Thermi-

177 1008 256 1033 tana.

221 1046 442 1083 Callimachus,
459 1046 547 1077 Orat.
558 1045 623 1085 ΙΙΙ,
639 1046 690 1076 33.
702 1045 917 1087 grammaticus
927 1050 957 1075 et
967 1046 1065 1085 poeta.

176 1088 267 1118 Tusc.
287 1088 315 1123 Ι,
332 1090 383 1118 34.
400 1090 451 1120 39.

224 1132 424 1171 Calliphana,
441 1132 604 1166 Veliensis,
628 1132 718 1162 Balb.
736 1134 786 1161 23.
805 1131 872 1172 lege
887 1141 905 1161 a
920 1130 955 1161 C.
972 1129 1068 1161 Vale-

176 1174 221 1204 rio
236 1175 345 1204 Flacco
359 1175 432 1209 lata,
449 1175 483 1205 fit
499 1175 570 1205 civis
586 1176 738 1205 Romana.

224 1218 379 1256 Callipho,
397 1218 466 1249 Fin.
483 1217 529 1255 ΙΙ,
547 1219 576 1248 G.
597 1221 644 1248 ll.
670 1218 764 1248 Acad.
782 1216 844 1254 IV,
861 1217 913 1246 42.
929 1216 1069 1255 volupta-

179 1266 240 1290 tem
257 1267 286 1291 et
301 1261 489 1291 honestatem
505 1271 662 1291 summum
683 1261 799 1291 bonum
818 1270 882 1290 esse
902 1259 983 1290 dicit.
997 1258 1067 1289 Fin.

179 1303 222 1335 V.
240 1305 291 1333 25.
308 1304 460 1344 quomodo
475 1304 506 1334 in
524 1305 602 1334 hanc
619 1304 799 1334 sententiam
814 1302 960 1332 inciderit.

225 1347 427 1386 Callippides,
455 1348 523 1377 Att.
550 1345 650 1384 XIII,
678 1347 726 1376 12.
747 1345 942 1387 proverbium
963 1344 1000 1375 de
1023 1354 1068 1375 eo.

187 1388 600 1420 Add.Suet0n.Tibe1-.38.

227 1433 436 1469 Callisthenes,
460 1433 548 1464 Orat.
565 1433 613 1470 ΙΙ,
633 1432 681 1462 14.
700 1431 879 1472 Olynthius,
895 1430 1070 1460 Aristotelis

182 1473 359 1515 discipulus,
376 1475 547 1506 Alexandri
557 1486 667 1513 comes,
684 1475 799 1515 scripsit
813 1473 968 1504 historiam
984 1483 1071 1513 paene

180 1516 335 1546 rhetorum
351 1528 444 1548 more.
467 1518 496 1547 Γ
499 1529 558 1548 usc.
578 1518 645 1553 ΙΙΙ,
668 1521 713 1548 10.
729 1527 811 1547 mors
825 1527 844 1546 a
858 1516 1071 1556 Theophrasto

181 1559 326 1599 peculiari
342 1561 420 1590 libro
435 1561 617 1600 deploratur.
631 1562 709 1591 Rab.
726 1561 864 1590 Postum.
878 1560 908 1589 9.
923 1560 960 1588 ab
972 1559 1072 1588 Alex-

181 1601 276 1632 andro
292 1609 424 1632 necatur.
439 1604 477 1633 ad
493 1604 565 1633 Div.
589 1604 633 1640 V,
653 1605 702 1633 12.
721 1602 838 1643 scripsit
847 1601 997 1632 Troicum
1007 1601 1072 1631 bel-

181 1644 258 1674 lum.
274 1644 311 1674 de
326 1645 399 1675 Div.
417 1646 445 1682 Ι,
463 1646 512 1676 34.
531 1645 577 1681 ΙΙ,
592 1648 642 1676 25.

225 1688 401 1725 Calpurnia
417 1699 502 1728 gens,
518 1689 551 1719 in
568 1690 629 1719 Pis.
644 1689 696 1719 23.
709 1694 754 1719 est
770 1689 932 1725 Pisonum,
948 1685 1072 1717 Bestia-

179 1739 261 1767 rum,
278 1731 474 1765 Bibulorum,
491 1732 753 1762 Caesenninorum.

222 1773 260 1803 L.
289 1775 488 1813 Calpurnius,
517 1776 581 1804 Att.
618 1775 660 1811 X.
687 1775 715 1804 8.
743 1781 785 1804 est
810 1774 847 1804 Ιι.
875 1771 1061 1814 Falpurnius
