1137 1848
349 45 498 77 INDEX
521 44 695 77 LEGUM.
925 45 967 74 45

81 130 174 161 tarch.
189 131 221 161 in
241 131 306 162 Vit.
322 131 416 162 Cicer.
435 138 465 162 et
485 131 565 162 Plin.
585 130 667 167 VII,
683 131 724 161 30
739 141 748 166 ;
771 130 825 161 ubi
840 140 868 160 v.
886 129 969 159 Har-

82 173 166 204 duin.
194 174 275 204 Eam
293 181 394 205 secuta
415 181 459 205 est
480 175 530 205 lex
545 174 629 204 Jutia
644 174 682 204 de
704 172 808 204 eadem
824 183 865 204 re.
888 172 971 202 Plin.

81 215 247 252 XXXIII,
265 219 294 247 2.

125 260 211 290 Rulli
226 261 277 290 Iex
293 260 431 301 Agraria.
459 260 532 291 Vid.
552 260 681 290 Servilia.

125 301 246 341 Rupilia
256 303 307 333 lex
322 303 403 344 apud
413 303 529 334 Siculos
539 303 705 340 dicebatur,
722 302 804 344 quod
820 302 971 332 d‘crecum

81 345 181 385 potius
196 345 292 376 dicere
306 356 390 376 more
400 346 541 376 Romano
550 346 710 384 debebant,
723 352 758 376 ut
767 345 837 375 facit
850 345 966 380 Cicero,

82 388 170 418 Verr.
194 388 261 427 111,
284 390 333 419 13.
368 389 453 419 Nam
470 389 597 429 Rupilia
618 389 669 418 lex
692 388 863 419 continebat
886 388 968 427 jura,

81 441 151 471 quae
175 430 212 461 P.
230 431 366 470 Rupilius
381 439 492 473 praetor
508 432 591 462 victis
612 431 732 468 Siculis,
752 431 789 461 de
809 431 911 461 decem
926 430 970 460 le-

79 479 220 513 gatorum
236 475 394 511 sententia,
415 481 450 505 ut
471 475 564 505 moris
579 481 652 510 erat,
674 474 806 509 dederat,
830 484 900 503 cum
924 472 971 503 Si-

81 516 183 546 ciliam
207 516 239 546 in
262 518 424 558 provinciae
449 518 579 548 formam
604 517 760 558 redigeret,
789 517 868 556 Ejus
892 526 972 556 saepe

80 559 116 589 fit
137 559 251 590 mentio
268 561 298 590 V
299 561 466 591 errinarum
493 561 581 591 tertia
603 566 632 590 et
653 561 772 601 quarta,
794 559 876 600 quod
891 559 972 589 Ver-

80 612 127 632 res
142 612 209 632 eam
222 603 253 632 in
265 603 472 642 jurisdictione
487 610 515 633 et
531 614 562 633 re
577 603 774 633 frumentaria
789 603 973 642 neglexerat.

128 645 176 675 De
201 646 386 684 Sacevvlociis,
409 655 453 677 est
474 647 525 677 lex
547 657 565 676 a
588 646 622 676 C.
637 646 750 676 Licinio
771 646 873 675 Crasso
895 646 969 683 lata,

82 687 136 718 sed
157 698 218 719 non
240 689 364 729 perlata.
398 689 486 730 (Vid.
512 689 573 720 Lex
596 689 754 729 Domitia.)
777 688 828 719 De
842 688 972 718 Amicit.

82 741 108 762 c.
122 733 174 762 25.

127 775 219 814 Leges
234 774 361 805 δας-ναίω
375 775 424 805 hae
439 775 497 806 dici
512 781 659 816 putantur
673 775 704 805 in
720 774 838 816 primis,
855 785 924 816 quae
938 774 971 805 in

82 816 194 848 Monte
220 819 322 856 Sacro,
347 819 441 849 A.U.
457 819 533 855 ⁶260,
561 819 722 849 secessione
746 818 853 859 populi
879 817 969 856 facta,

82 860 152 890 latae
173 868 265 897 sunt3
290 861 371 891 unde
385 861 443 902 ipsi
458 862 503 891 illi
520 862 617 891 monti
639 871 750 893 nomen
772 860 867 890 haesit.
898 860 968 891 Liv.

83 902 130 941 ΙΙ,
153 904 205 933 33.
235 904 353 934 Earum
372 905 487 934 mentio
509 904 591 945 apud
607 905 783 934 Ciceronem
804 914 892 944 saepe,
914 903 973 933 im-

82 946 189 987 primis
204 947 234 977 in
244 947 280 977 iis
292 947 487 984 orationibus,
498 947 529 976 in
542 947 652 988 quibus
665 947 696 976 in
708 946 848 978 Clodiam
860 947 972 986 legem,

82 995 185 1020 contra
209 1001 239 1020 se
253 990 359 1028 latam,
380 990 543 1026 invehitur,
565 990 647 1030 quod
669 1000 704 1020 ea
718 989 837 1030 legibus
851 989 974 1020 sacratis

85 1033 149 1063 vim
164 1033 328 1070 attulerat;
352 1043 406 1073 pro
424 1034 505 1063 Sext.
523 1034 587 1068 303
610 1043 665 1074 pro
681 1032 795 1071 Domo,
811 1042 836 1063 c.
855 1033 916 1068 173
934 1032 972 1062 de

84 1075 149 1107 Off.
165 1076 231 1113 ΙΙΙ,
248 1076 286 1105 31
301 1086 310 1112 3
335 1076 372 1106 de
385 1076 480 1116 Legg.
501 1075 548 1114 ΙΙ,
565 1076 597 1113 7,
615 1077 672 1106 ἃς.
698 1076 799 1106 Locus
820 1075 852 1105 in
867 1075 973 1116 primis

84 1118 210 1149 illustris
234 1124 277 1149 est
293 1119 324 1148 in
338 1119 526 1149 Cornelianae
543 1119 558 1149 Ι
581 1119 691 1159 fragm.
723 1118 814 1148 Tanta
834 1119 928 1157 igitur
942 1119 974 1147 in

82 1162 142 1191 illis
165 1162 290 1203 (nempe
304 1168 376 1192 vett.
400 1162 507 1200 Rom.)
530 1163 618 1191 virtus
628 1162 709 1202 fnit,
729 1165 774 1196 vt,
797 1171 871 1190 auno
892 1160 974 1191 XVI

82 1210 144 1244 post
155 1215 236 1244 reges
251 1211 370 1243 exactos,
378 1211 495 1244 propter
509 1206 627 1234 nimiam
641 1205 860 1234 dominationem
875 1210 975 1241 poten-

84 1249 172 1286 tium,
191 1248 362 1284 secederent,
387 1248 460 1288 leges
479 1254 606 1278 sacratus
624 1249 678 1286 ipsi
698 1248 752 1277 sibi
771 1247 974 1285 restituerent,

86 1291 159 1320 duos
174 1292 304 1320 tribunos
319 1299 461 1329 crearem,
478 1297 599 1320 montem
622 1291 706 1320 illum
723 1298 802 1320 trans
818 1291 972 1328 Anienem,

85 1335 133 1373 qni
151 1334 233 1363 hodie
255 1334 347 1364 Maus
363 1334 454 1363 Sacer
473 1335 648 1369 nominatur,
671 1333 700 1363 in
715 1344 769 1372 quo
785 1333 892 1362 armati
906 1343 973 1362 con-

83 1377 226 1411 sederant,
248 1382 368 1406 oeternae
392 1378 535 1405 memoriae
559 1377 660 1413 causti,
677 1381 890 1406 consecrarent.
917 1375 973 1406 Ad

83 1429 114 1460 q.
130 1419 151 1449 l.
166 1419 247 1449 male
263 1420 423 1456 Asconius,
439 1419 470 1448 in
492 1419 602 1449 Monte
623 1420 713 1449 Sacro
728 1419 863 1459 primum
878 1429 975 1448 sacru-

85 1468 129 1492 tas
143 1463 231 1499 latas‚
239 1462 311 1493 dicit
323 1473 332 1498 ς
350 1468 379 1492 et
390 1463 482 1492 verba
491 1462 642 1492 Ciceronis
652 1461 810 1496 sollicitat;
830 1468 864 1491 ut
874 1471 912 1491 ex
927 1471 974 1491 se-

84 1505 248 1546 quentibus
263 1505 387 1546 patebit.
414 1505 511 1544 Leges
527 1511 629 1535 autem
645 1511 773 1534 sacratas
789 1504 871 1544 apud
886 1504 972 1534 Livi-

85 1558 139 1577 um
155 1553 213 1577 tres
229 1548 405 1588 reperimus,
429 1558 453 1577 S.
475 1548 549 1588 legis
567 1554 688 1577 sacratae
707 1547 739 1576 in
756 1547 865 1577 Monte
880 1547 972 1577 Sacro

86 1591 156 1620 latae
175 1590 233 1620 tria
257 1591 356 1631 capita
372 1591 493 1631 potius;
513 1597 655 1620 sacratam
675 1590 757 1620 enim
780 1592 871 1630 Iegem
885 1589 969 1626 dicit,

86 1633 108 1663 1.
124 1643 149 1663 e.
166 1639 195 1663 et
216 1643 337 1663 sacrata·
359 1638 432 1665 tenes
451 1644 505 1673 per
523 1633 679 1674 enallagen
701 1643 756 1674 pro
775 1632 890 1663 saco-atsi
913 1632 973 1662 dici

88 1682 222 1716 possunt.
246 1676 285 1706 V.
302 1678 390 1716 Leges
406 1678 422 1705 Ἰ
432 1678 503 1713 ilice,
517 1677 546 1714 l,
559 1682 593 1706 ut
603 1678 716 1706 tribuni
727 1677 878 1716 quotannis
892 1677 976 1715 quin-

84 1728 140 1758 que
161 1720 198 1748 de
216 1721 299 1757 plebe
319 1725 502 1755 crearentur,
531 1721 580 1759 qui
602 1720 711 1749 auxilio
728 1719 807 1760 plebi
833 1719 969 1748 adversus
