<?xml version="1.0" encoding="UTF-8"?>
<!DOCTYPE html PUBLIC "-//W3C//DTD XHTML 1.0 Transitional//EN"
    "http://www.w3.org/TR/xhtml1/DTD/xhtml1-transitional.dtd">
<html xmlns="http://www.w3.org/1999/xhtml" xml:lang="en" lang="en">
 <head>
  <title>
</title>
<meta http-equiv="Content-Type" content="text/html;charset=utf-8" />
  <meta name='ocr-system' content='tesseract 3.04.00' />
  <meta name='ocr-capabilities' content='ocr_page ocr_carea ocr_par ocr_line ocrx_word'/>
</head>
<body>
  <div class='ocr_page' id='page_1' title='image "./operaern12ciceuoft_0231.png"; bbox 0 0 1137 1848; ppageno 0'>
   <div class='ocr_carea' id='block_1_1' title="bbox 329 72 998 105">
    <p class='ocr_par' dir='ltr' id='par_1_1' title="bbox 329 72 998 105">
     <span class='ocr_line' id='line_1_1' title="bbox 329 72 998 105; baseline -0.001 -1"><span class='ocrx_word' id='word_1_1' title='bbox 329 73 479 105; x_wconf 86' lang='lat' dir='ltr'><strong>INDEX</strong></span> <span class='ocrx_word' id='word_1_2' title='bbox 503 73 790 105; x_wconf 85' lang='lat' dir='ltr'>HISTORICUS.</span> <span class='ocrx_word' id='word_1_3' title='bbox 934 72 998 104; x_wconf 81' lang='lat'>219</span> 
     </span>
    </p>
   </div>
   <div class='ocr_carea' id='block_1_2' title="bbox 111 156 1005 1741">
    <p class='ocr_par' dir='ltr' id='par_1_2' title="bbox 114 156 1001 242">
     <span class='ocr_line' id='line_1_2' title="bbox 158 156 998 200; baseline 0 -12"><span class='ocrx_word' id='word_1_4' title='bbox 158 156 293 197; x_wconf 80' lang='lat' dir='ltr'>Druidae,</span> <span class='ocrx_word' id='word_1_5' title='bbox 317 158 391 190; x_wconf 87' lang='lat' dir='ltr'>Div.</span> <span class='ocrx_word' id='word_1_6' title='bbox 408 160 437 198; x_wconf 95' lang='lat' dir='ltr'>I,</span> <span class='ocrx_word' id='word_1_7' title='bbox 454 162 506 189; x_wconf 85' lang='lat'>41.</span> <span class='ocrx_word' id='word_1_8' title='bbox 529 164 611 191; x_wconf 85' lang='lat' dir='ltr'><strong>vates</strong></span> <span class='ocrx_word' id='word_1_9' title='bbox 633 165 663 191; x_wconf 84' lang='lat' dir='ltr'>et</span> <span class='ocrx_word' id='word_1_10' title='bbox 685 170 814 200; x_wconf 84' lang='lat' dir='ltr'>augures</span> <span class='ocrx_word' id='word_1_11' title='bbox 828 159 860 189; x_wconf 82' lang='lat' dir='ltr'>in</span> <span class='ocrx_word' id='word_1_12' title='bbox 876 157 978 188; x_wconf 74' lang='lat' dir='ltr'>Gallia</span> <span class='ocrx_word' id='word_1_13' title='bbox 989 170 998 188; x_wconf 72' lang='grc' dir='ltr'><strong>ε</strong></span> 
     </span>
     <span class='ocr_line' id='line_1_3' title="bbox 114 198 1001 242; baseline 0 -11"><span class='ocrx_word' id='word_1_14' title='bbox 114 198 152 228; x_wconf 89' lang='lat' dir='ltr'>de</span> <span class='ocrx_word' id='word_1_15' title='bbox 167 201 278 242; x_wconf 88' lang='lat' dir='ltr'>quibus</span> <span class='ocrx_word' id='word_1_16' title='bbox 293 203 451 234; x_wconf 84' lang='lat' dir='ltr'><strong>consulant</strong></span> <span class='ocrx_word' id='word_1_17' title='bbox 474 203 584 233; x_wconf 79' lang='lat' dir='ltr'><strong>tirones</strong></span> <span class='ocrx_word' id='word_1_18' title='bbox 607 202 717 233; x_wconf 82' lang='lat' dir='ltr'>Caesar.</span> <span class='ocrx_word' id='word_1_19' title='bbox 734 204 772 233; x_wconf 91' lang='lat' dir='ltr'>B.</span> <span class='ocrx_word' id='word_1_20' title='bbox 790 203 871 232; x_wconf 79' lang='lat' dir='ltr'><strong>Gall.</strong></span> <span class='ocrx_word' id='word_1_21' title='bbox 890 202 932 239; x_wconf 93' lang='lat' dir='ltr'>V,</span> <span class='ocrx_word' id='word_1_22' title='bbox 954 206 1001 233; x_wconf 88' lang='lat'>13.</span> 
     </span>
    </p>

    <p class='ocr_par' dir='ltr' id='par_1_3' title="bbox 111 287 1002 576">
     <span class='ocr_line' id='line_1_4' title="bbox 158 287 1002 327; baseline 0.001 -11"><span class='ocrx_word' id='word_1_23' title='bbox 158 287 195 316; x_wconf 89' lang='lat' dir='ltr'>C.</span> <span class='ocrx_word' id='word_1_24' title='bbox 213 287 319 318; x_wconf 73' lang='lat' dir='ltr'>Livius</span> <span class='ocrx_word' id='word_1_25' title='bbox 336 289 462 326; x_wconf 77' lang='lat' dir='ltr'>Drusus,</span> <span class='ocrx_word' id='word_1_26' title='bbox 479 289 569 319; x_wconf 84' lang='lat' dir='ltr'><strong>Brut.</strong></span> <span class='ocrx_word' id='word_1_27' title='bbox 598 289 650 318; x_wconf 82' lang='lat'>28.</span> <span class='ocrx_word' id='word_1_28' title='bbox 676 289 740 327; x_wconf 88' lang='lat' dir='ltr'>ejus</span> <span class='ocrx_word' id='word_1_29' title='bbox 761 288 814 317; x_wconf 89' lang='lat' dir='ltr'>filii</span> <span class='ocrx_word' id='word_1_30' title='bbox 830 288 902 325; x_wconf 89' lang='lat' dir='ltr'>duo,</span> <span class='ocrx_word' id='word_1_31' title='bbox 919 287 954 318; x_wconf 93' lang='lat' dir='ltr'>C.</span> <span class='ocrx_word' id='word_1_32' title='bbox 972 293 1002 317; x_wconf 89' lang='lat' dir='ltr'>et</span> 
     </span>
     <span class='ocr_line' id='line_1_5' title="bbox 113 327 1002 372; baseline 0.002 -14"><span class='ocrx_word' id='word_1_33' title='bbox 113 327 163 358; x_wconf 85' lang='lat' dir='ltr'>M.</span> <span class='ocrx_word' id='word_1_34' title='bbox 180 329 333 371; x_wconf 88' lang='lat' dir='ltr'>Pronepos</span> <span class='ocrx_word' id='word_1_35' title='bbox 349 338 393 361; x_wconf 86' lang='lat' dir='ltr'>est</span> <span class='ocrx_word' id='word_1_36' title='bbox 415 332 521 368; x_wconf 84' lang='lat' dir='ltr'>Drusi,</span> <span class='ocrx_word' id='word_1_37' title='bbox 543 332 597 372; x_wconf 90' lang='lat' dir='ltr'>qui</span> <span class='ocrx_word' id='word_1_38' title='bbox 620 331 736 371; x_wconf 86' lang='lat' dir='ltr'>primus</span> <span class='ocrx_word' id='word_1_39' title='bbox 758 340 923 370; x_wconf 80' lang='lat' dir='ltr'>cognomen</span> <span class='ocrx_word' id='word_1_40' title='bbox 945 330 1002 360; x_wconf 91' lang='lat' dir='ltr'>hoc</span> 
     </span>
     <span class='ocr_line' id='line_1_6' title="bbox 113 371 1001 413; baseline 0.002 -13"><span class='ocrx_word' id='word_1_41' title='bbox 113 373 152 401; x_wconf 89' lang='lat' dir='ltr'>ab</span> <span class='ocrx_word' id='word_1_42' title='bbox 168 371 322 403; x_wconf 89' lang='lat' dir='ltr'><strong>interfecto</strong></span> <span class='ocrx_word' id='word_1_43' title='bbox 338 374 459 404; x_wconf 87' lang='lat' dir='ltr'>Drauso</span> <span class='ocrx_word' id='word_1_44' title='bbox 475 374 636 404; x_wconf 79' lang='lat' dir='ltr'>Gallorum</span> <span class='ocrx_word' id='word_1_45' title='bbox 652 374 728 404; x_wconf 89' lang='lat' dir='ltr'><strong>duce</strong></span> <span class='ocrx_word' id='word_1_46' title='bbox 744 374 832 403; x_wconf 86' lang='lat' dir='ltr'>tulit:</span> <span class='ocrx_word' id='word_1_47' title='bbox 855 373 893 403; x_wconf 87' lang='lat' dir='ltr'>ad</span> <span class='ocrx_word' id='word_1_48' title='bbox 909 383 1001 413; x_wconf 88' lang='lat' dir='ltr'>quem</span> 
     </span>
     <span class='ocr_line' id='line_1_7' title="bbox 114 414 1000 456; baseline 0.002 -13"><span class='ocrx_word' id='word_1_49' title='bbox 114 414 234 455; x_wconf 88' lang='lat' dir='ltr'>Popma</span> <span class='ocrx_word' id='word_1_50' title='bbox 249 416 339 446; x_wconf 85' lang='lat' dir='ltr'><strong>refert</strong></span> <span class='ocrx_word' id='word_1_51' title='bbox 362 417 462 447; x_wconf 91' lang='lat' dir='ltr'>locum</span> <span class='ocrx_word' id='word_1_52' title='bbox 479 417 516 447; x_wconf 88' lang='lat' dir='ltr'>ad</span> <span class='ocrx_word' id='word_1_53' title='bbox 542 418 611 447; x_wconf 90' lang='lat' dir='ltr'><strong>Att.</strong></span> <span class='ocrx_word' id='word_1_54' title='bbox 632 417 713 453; x_wconf 81' lang='lat' dir='ltr'>vll,</span> <span class='ocrx_word' id='word_1_55' title='bbox 731 421 760 446; x_wconf 80' lang='lat'>2.</span> <span class='ocrx_word' id='word_1_56' title='bbox 784 416 845 446; x_wconf 71' lang='lat' dir='ltr'>Sed</span> <span class='ocrx_word' id='word_1_57' title='bbox 861 416 1000 456; x_wconf 82' lang='lat' dir='ltr'>Pighius,</span> 
     </span>
     <span class='ocr_line' id='line_1_8' title="bbox 111 456 994 499; baseline 0.001 -13"><span class='ocrx_word' id='word_1_58' title='bbox 111 456 151 486; x_wconf 85' lang='lat' dir='ltr'>ad</span> <span class='ocrx_word' id='word_1_59' title='bbox 173 458 214 487; x_wconf 91' lang='lat' dir='ltr'>A.</span> <span class='ocrx_word' id='word_1_60' title='bbox 233 459 306 496; x_wconf 83' lang='lat'>637,</span> <span class='ocrx_word' id='word_1_61' title='bbox 323 460 413 490; x_wconf 81' lang='lat' dir='ltr'><strong>refert</strong></span> <span class='ocrx_word' id='word_1_62' title='bbox 435 460 473 490; x_wconf 87' lang='lat' dir='ltr'>ad</span> <span class='ocrx_word' id='word_1_63' title='bbox 489 460 537 489; x_wconf 86' lang='lat' dir='ltr'>M.</span> <span class='ocrx_word' id='word_1_64' title='bbox 561 459 711 497; x_wconf 87' lang='lat' dir='ltr'>Drusum,</span> <span class='ocrx_word' id='word_1_65' title='bbox 730 460 766 489; x_wconf 81' lang='lat' dir='ltr'>C.</span> <span class='ocrx_word' id='word_1_66' title='bbox 785 459 820 488; x_wconf 81' lang='lat' dir='ltr'>F.</span> <span class='ocrx_word' id='word_1_67' title='bbox 837 458 902 499; x_wconf 80' lang='lat' dir='ltr'>qui,</span> <span class='ocrx_word' id='word_1_68' title='bbox 921 459 994 488; x_wconf 90' lang='lat' dir='ltr'><strong>Her.</strong></span> 
     </span>
     <span class='ocr_line' id='line_1_9' title="bbox 113 498 1000 543; baseline 0.001 -14"><span class='ocrx_word' id='word_1_69' title='bbox 113 498 162 538; x_wconf 85' lang='grc' dir='ltr'>ΙΙ,</span> <span class='ocrx_word' id='word_1_70' title='bbox 187 501 233 530; x_wconf 86' lang='lat'>13.</span> <span class='ocrx_word' id='word_1_71' title='bbox 248 508 357 542; x_wconf 86' lang='lat' dir='ltr'>praetor</span> <span class='ocrx_word' id='word_1_72' title='bbox 372 502 490 533; x_wconf 85' lang='lat' dir='ltr'>dicitur.</span> <span class='ocrx_word' id='word_1_73' title='bbox 527 502 577 533; x_wconf 91' lang='lat' dir='ltr'>De</span> <span class='ocrx_word' id='word_1_74' title='bbox 592 513 665 543; x_wconf 89' lang='lat' dir='ltr'>quo,</span> <span class='ocrx_word' id='word_1_75' title='bbox 682 503 807 543; x_wconf 67' lang='lat' dir='ltr'><strong>totaque</strong></span> <span class='ocrx_word' id='word_1_76' title='bbox 824 501 953 539; x_wconf 66' lang='lat' dir='ltr'>familia,</span> <span class='ocrx_word' id='word_1_77' title='bbox 971 511 1000 531; x_wconf 87' lang='lat' dir='ltr'>v.</span> 
     </span>
     <span class='ocr_line' id='line_1_10' title="bbox 113 544 447 576; baseline 0.009 -3"><span class='ocrx_word' id='word_1_78' title='bbox 113 544 238 574; x_wconf 86' lang='lat' dir='ltr'><strong>Sueton.</strong></span> <span class='ocrx_word' id='word_1_79' title='bbox 255 545 287 574; x_wconf 89' lang='lat' dir='ltr'>in</span> <span class='ocrx_word' id='word_1_80' title='bbox 298 545 402 575; x_wconf 89' lang='lat' dir='ltr'><strong>Tiber.</strong></span> <span class='ocrx_word' id='word_1_81' title='bbox 418 547 447 576; x_wconf 86' lang='lat'>3.</span> 
     </span>
    </p>

    <p class='ocr_par' dir='ltr' id='par_1_4' title="bbox 112 586 1002 800">
     <span class='ocr_line' id='line_1_11' title="bbox 158 586 999 629; baseline -0.001 -12"><span class='ocrx_word' id='word_1_82' title='bbox 158 588 190 617; x_wconf 91' lang='lat' dir='ltr'>C.</span> <span class='ocrx_word' id='word_1_83' title='bbox 209 587 339 624; x_wconf 84' lang='lat' dir='ltr'>Drusus,</span> <span class='ocrx_word' id='word_1_84' title='bbox 358 588 393 619; x_wconf 89' lang='lat' dir='ltr'>C.</span> <span class='ocrx_word' id='word_1_85' title='bbox 410 588 452 618; x_wconf 84' lang='lat' dir='ltr'>fil.</span> <span class='ocrx_word' id='word_1_86' title='bbox 468 589 560 619; x_wconf 91' lang='lat' dir='ltr'>B1ut.</span> <span class='ocrx_word' id='word_1_87' title='bbox 578 589 629 618; x_wconf 83' lang='lat'>28.</span> <span class='ocrx_word' id='word_1_88' title='bbox 655 588 754 629; x_wconf 89' lang='lat' dir='ltr'>qualis</span> <span class='ocrx_word' id='word_1_89' title='bbox 781 593 879 618; x_wconf 90' lang='lat' dir='ltr'>orator</span> <span class='ocrx_word' id='word_1_90' title='bbox 900 586 999 616; x_wconf 87' lang='lat' dir='ltr'>fuerit.</span> 
     </span>
     <span class='ocr_line' id='line_1_12' title="bbox 113 628 1001 672; baseline 0 -14"><span class='ocrx_word' id='word_1_91' title='bbox 113 628 207 659; x_wconf 87' lang='lat' dir='ltr'>Tusc.</span> <span class='ocrx_word' id='word_1_92' title='bbox 225 630 267 667; x_wconf 88' lang='lat' dir='ltr'>V,</span> <span class='ocrx_word' id='word_1_93' title='bbox 285 632 336 660; x_wconf 80' lang='lat'>38.</span> <span class='ocrx_word' id='word_1_94' title='bbox 353 631 374 661; x_wconf 86' lang='lat' dir='ltr'><em>J</em></span> <span class='ocrx_word' id='word_1_95' title='bbox 380 630 468 668; x_wconf 86' lang='lat' dir='ltr'>Ctus,</span> <span class='ocrx_word' id='word_1_96' title='bbox 494 631 559 672; x_wconf 89' lang='lat' dir='ltr'>qui,</span> <span class='ocrx_word' id='word_1_97' title='bbox 587 632 678 661; x_wconf 85' lang='lat' dir='ltr'><strong>etiam</strong></span> <span class='ocrx_word' id='word_1_98' title='bbox 694 641 764 661; x_wconf 92' lang='lat' dir='ltr'>cum</span> <span class='ocrx_word' id='word_1_99' title='bbox 785 641 879 661; x_wconf 85' lang='lat' dir='ltr'>caecus</span> <span class='ocrx_word' id='word_1_100' title='bbox 903 630 1001 659; x_wconf 88' lang='lat' dir='ltr'>factus</span> 
     </span>
     <span class='ocr_line' id='line_1_13' title="bbox 113 672 1002 715; baseline 0.001 -14"><span class='ocrx_word' id='word_1_101' title='bbox 113 678 201 709; x_wconf 85' lang='lat' dir='ltr'><strong>esset,</strong></span> <span class='ocrx_word' id='word_1_102' title='bbox 213 672 250 703; x_wconf 91' lang='lat' dir='ltr'>de</span> <span class='ocrx_word' id='word_1_103' title='bbox 258 674 326 711; x_wconf 86' lang='lat' dir='ltr'>jure</span> <span class='ocrx_word' id='word_1_104' title='bbox 338 673 497 714; x_wconf 82' lang='lat' dir='ltr'><strong>diligenter</strong></span> <span class='ocrx_word' id='word_1_105' title='bbox 508 674 672 715; x_wconf 84' lang='lat' dir='ltr'>respondit,</span> <span class='ocrx_word' id='word_1_106' title='bbox 690 680 719 704; x_wconf 86' lang='lat' dir='ltr'>et</span> <span class='ocrx_word' id='word_1_107' title='bbox 734 684 752 703; x_wconf 91' lang='lat' dir='ltr'><strong>a</strong></span> <span class='ocrx_word' id='word_1_108' title='bbox 766 673 871 703; x_wconf 81' lang='lat' dir='ltr'>multis</span> <span class='ocrx_word' id='word_1_109' title='bbox 883 672 1002 703; x_wconf 88' lang='lat' dir='ltr'>consul-</span> 
     </span>
     <span class='ocr_line' id='line_1_14' title="bbox 112 715 998 757; baseline 0 -13"><span class='ocrx_word' id='word_1_110' title='bbox 112 720 162 744; x_wconf 85' lang='lat' dir='ltr'>tus</span> <span class='ocrx_word' id='word_1_111' title='bbox 178 721 232 745; x_wconf 86' lang='lat' dir='ltr'><strong>est.</strong></span> <span class='ocrx_word' id='word_1_112' title='bbox 255 715 349 746; x_wconf 89' lang='lat' dir='ltr'>Hunc</span> <span class='ocrx_word' id='word_1_113' title='bbox 365 716 503 747; x_wconf 87' lang='lat' dir='ltr'>Drusum</span> <span class='ocrx_word' id='word_1_114' title='bbox 519 717 611 757; x_wconf 85' lang='lat' dir='ltr'>vulgo</span> <span class='ocrx_word' id='word_1_115' title='bbox 637 717 669 746; x_wconf 89' lang='lat' dir='ltr'>in</span> <span class='ocrx_word' id='word_1_116' title='bbox 690 722 827 746; x_wconf 86' lang='lat' dir='ltr'><strong>veterum</strong></span> <span class='ocrx_word' id='word_1_117' title='bbox 843 716 865 746; x_wconf 85' lang='lat' dir='ltr'>J</span> <span class='ocrx_word' id='word_1_118' title='bbox 869 716 998 746; x_wconf 89' lang='lat' dir='ltr'>Ctorum</span> 
     </span>
     <span class='ocr_line' id='line_1_15' title="bbox 112 758 981 800; baseline -0.001 -13"><span class='ocrx_word' id='word_1_119' title='bbox 112 759 398 790; x_wconf 83' lang='lat' dir='ltr'><strong>commemoratione</strong></span> <span class='ocrx_word' id='word_1_120' title='bbox 413 760 659 800; x_wconf 82' lang='lat' dir='ltr'>praetermittunt,</span> <span class='ocrx_word' id='word_1_121' title='bbox 676 759 767 789; x_wconf 88' lang='lat' dir='ltr'><strong>etiam</strong></span> <span class='ocrx_word' id='word_1_122' title='bbox 784 758 981 799; x_wconf 83' lang='lat' dir='ltr'><strong>Pomponius.</strong></span> 
     </span>
    </p>

    <p class='ocr_par' dir='ltr' id='par_1_5' title="bbox 113 801 1005 1741">
     <span class='ocr_line' id='line_1_16' title="bbox 156 801 997 839; baseline 0 -9"><span class='ocrx_word' id='word_1_123' title='bbox 156 801 205 830; x_wconf 92' lang='lat' dir='ltr'>M.</span> <span class='ocrx_word' id='word_1_124' title='bbox 224 801 352 839; x_wconf 75' lang='lat' dir='ltr'>Drusus,</span> <span class='ocrx_word' id='word_1_125' title='bbox 372 803 410 832; x_wconf 91' lang='lat' dir='ltr'>C.</span> <span class='ocrx_word' id='word_1_126' title='bbox 430 802 472 832; x_wconf 88' lang='lat' dir='ltr'>fil.</span> <span class='ocrx_word' id='word_1_127' title='bbox 491 803 582 834; x_wconf 83' lang='lat' dir='ltr'>Brut.</span> <span class='ocrx_word' id='word_1_128' title='bbox 605 804 656 832; x_wconf 77' lang='lat'>28,</span> <span class='ocrx_word' id='word_1_129' title='bbox 682 802 821 832; x_wconf 86' lang='lat' dir='ltr'>tribunus</span> <span class='ocrx_word' id='word_1_130' title='bbox 847 802 882 831; x_wconf 80' lang='lat' dir='ltr'>C.</span> <span class='ocrx_word' id='word_1_131' title='bbox 901 801 997 830; x_wconf 86' lang='lat' dir='ltr'>Grac-</span> 
     </span>
     <span class='ocr_line' id='line_1_17' title="bbox 114 842 1002 885; baseline 0.001 -13"><span class='ocrx_word' id='word_1_132' title='bbox 114 842 220 881; x_wconf 86' lang='lat' dir='ltr'>chum,</span> <span class='ocrx_word' id='word_1_133' title='bbox 232 843 342 874; x_wconf 85' lang='lat' dir='ltr'>iterum</span> <span class='ocrx_word' id='word_1_134' title='bbox 355 845 423 875; x_wconf 83' lang='lat' dir='ltr'>trib.</span> <span class='ocrx_word' id='word_1_135' title='bbox 434 846 475 885; x_wconf 93' lang='lat' dir='ltr'>pl.</span> <span class='ocrx_word' id='word_1_136' title='bbox 482 847 580 885; x_wconf 77' lang='lat' dir='ltr'><strong>fregit</strong></span> <span class='ocrx_word' id='word_1_137' title='bbox 593 857 601 874; x_wconf 91' lang='lat'><em>:</em></span> <span class='ocrx_word' id='word_1_138' title='bbox 618 855 690 875; x_wconf 89' lang='lat' dir='ltr'>nam</span> <span class='ocrx_word' id='word_1_139' title='bbox 702 844 744 874; x_wconf 88' lang='lat' dir='ltr'>ita</span> <span class='ocrx_word' id='word_1_140' title='bbox 754 844 917 884; x_wconf 84' lang='lat' dir='ltr'><strong>legendum</strong></span> <span class='ocrx_word' id='word_1_141' title='bbox 928 853 1002 881; x_wconf 85' lang='lat' dir='ltr'><strong>esse,</strong></span> 
     </span>
     <span class='ocr_line' id='line_1_18' title="bbox 116 887 1005 925; baseline 0 -10"><span class='ocrx_word' id='word_1_142' title='bbox 116 895 177 916; x_wconf 89' lang='lat' dir='ltr'>non</span> <span class='ocrx_word' id='word_1_143' title='bbox 189 888 279 925; x_wconf 65' lang='lat' dir='ltr'><strong>fecit,</strong></span> <span class='ocrx_word' id='word_1_144' title='bbox 297 887 352 917; x_wconf 92' lang='lat' dir='ltr'>viri</span> <span class='ocrx_word' id='word_1_145' title='bbox 368 888 448 918; x_wconf 88' lang='lat' dir='ltr'>docti</span> <span class='ocrx_word' id='word_1_146' title='bbox 463 888 501 918; x_wconf 88' lang='lat' dir='ltr'>ad</span> <span class='ocrx_word' id='word_1_147' title='bbox 516 898 615 918; x_wconf 89' lang='lat' dir='ltr'>unum</span> <span class='ocrx_word' id='word_1_148' title='bbox 637 897 742 918; x_wconf 89' lang='lat' dir='ltr'><strong>omnes</strong></span> <span class='ocrx_word' id='word_1_149' title='bbox 765 892 897 924; x_wconf 85' lang='lat' dir='ltr'><strong>censent,</strong></span> <span class='ocrx_word' id='word_1_150' title='bbox 915 892 944 916; x_wconf 83' lang='lat' dir='ltr'>et</span> <span class='ocrx_word' id='word_1_151' title='bbox 959 896 1005 916; x_wconf 70' lang='lat' dir='ltr'>res</span> 
     </span>
     <span class='ocr_line' id='line_1_19' title="bbox 114 929 1003 971; baseline -0.001 -12"><span class='ocrx_word' id='word_1_152' title='bbox 114 930 257 969; x_wconf 77' lang='lat' dir='ltr'>postulat.</span> <span class='ocrx_word' id='word_1_153' title='bbox 291 929 353 960; x_wconf 90' lang='lat' dir='ltr'>Hic</span> <span class='ocrx_word' id='word_1_154' title='bbox 374 939 417 960; x_wconf 90' lang='lat' dir='ltr'>est</span> <span class='ocrx_word' id='word_1_155' title='bbox 441 931 492 961; x_wconf 82' lang='lat' dir='ltr'><strong>ille</strong></span> <span class='ocrx_word' id='word_1_156' title='bbox 509 931 643 967; x_wconf 85' lang='lat' dir='ltr'>Drusus,</span> <span class='ocrx_word' id='word_1_157' title='bbox 661 931 725 971; x_wconf 84' lang='lat' dir='ltr'>qui,</span> <span class='ocrx_word' id='word_1_158' title='bbox 750 930 827 960; x_wconf 91' lang='lat' dir='ltr'>hanc</span> <span class='ocrx_word' id='word_1_159' title='bbox 851 930 947 969; x_wconf 87' lang='lat' dir='ltr'>ipsam</span> <span class='ocrx_word' id='word_1_160' title='bbox 964 930 1003 958; x_wconf 91' lang='lat' dir='ltr'>ob</span> 
     </span>
     <span class='ocr_line' id='line_1_20' title="bbox 113 971 1001 1012; baseline 0 -11"><span class='ocrx_word' id='word_1_161' title='bbox 113 981 190 1009; x_wconf 83' lang='lat' dir='ltr'>rem,</span> <span class='ocrx_word' id='word_1_162' title='bbox 207 972 289 1012; x_wconf 90' lang='lat' dir='ltr'>quod</span> <span class='ocrx_word' id='word_1_163' title='bbox 309 975 428 1004; x_wconf 72' lang='lat' dir='ltr'>senatus</span> <span class='ocrx_word' id='word_1_164' title='bbox 452 984 573 1004; x_wconf 86' lang='lat' dir='ltr'>causam</span> <span class='ocrx_word' id='word_1_165' title='bbox 598 979 701 1004; x_wconf 86' lang='lat' dir='ltr'>contra</span> <span class='ocrx_word' id='word_1_166' title='bbox 729 972 902 1002; x_wconf 87' lang='lat' dir='ltr'>Gracchum</span> <span class='ocrx_word' id='word_1_167' title='bbox 929 971 1001 1011; x_wconf 83' lang='lat' dir='ltr'><strong>egit,</strong></span> 
     </span>
     <span class='ocr_line' id='line_1_21' title="bbox 115 1015 998 1058; baseline -0.001 -14"><span class='ocrx_word' id='word_1_168' title='bbox 115 1016 138 1032; x_wconf 73' lang='lat'>‘⁴</span> <span class='ocrx_word' id='word_1_169' title='bbox 157 1015 306 1045; x_wconf 86' lang='lat' dir='ltr'>Patronus</span> <span class='ocrx_word' id='word_1_170' title='bbox 323 1017 451 1046; x_wconf 72' lang='lat' dir='ltr'><strong>Senatus</strong></span> <span class='ocrx_word' id='word_1_171' title='bbox 461 1017 481 1031; x_wconf 88' lang='lat'>”</span> <span class='ocrx_word' id='word_1_172' title='bbox 507 1017 676 1058; x_wconf 69' lang='lat' dir='ltr'>appellatus</span> <span class='ocrx_word' id='word_1_173' title='bbox 696 1022 751 1046; x_wconf 87' lang='lat' dir='ltr'><strong>est.</strong></span> <span class='ocrx_word' id='word_1_174' title='bbox 784 1016 907 1046; x_wconf 87' lang='lat' dir='ltr'><strong>Sueton.</strong></span> <span class='ocrx_word' id='word_1_175' title='bbox 935 1015 956 1044; x_wconf 90' lang='grc'>1.</span> <span class='ocrx_word' id='word_1_176' title='bbox 972 1024 998 1044; x_wconf 91' lang='lat' dir='ltr'>c.</span> 
     </span>
     <span class='ocr_line' id='line_1_22' title="bbox 113 1055 1002 1094; baseline 0 -7"><span class='ocrx_word' id='word_1_177' title='bbox 113 1055 167 1087; x_wconf 87' lang='lat' dir='ltr'>Ad</span> <span class='ocrx_word' id='word_1_178' title='bbox 182 1057 264 1088; x_wconf 87' lang='lat' dir='ltr'>hunc</span> <span class='ocrx_word' id='word_1_179' title='bbox 288 1058 428 1089; x_wconf 85' lang='lat' dir='ltr'>Drusum</span> <span class='ocrx_word' id='word_1_180' title='bbox 452 1059 586 1090; x_wconf 90' lang='lat' dir='ltr'><strong>referunt</strong></span> <span class='ocrx_word' id='word_1_181' title='bbox 602 1059 693 1089; x_wconf 87' lang='lat' dir='ltr'><strong>etiam</strong></span> <span class='ocrx_word' id='word_1_182' title='bbox 713 1058 791 1088; x_wconf 86' lang='lat' dir='ltr'>illud</span> <span class='ocrx_word' id='word_1_183' title='bbox 814 1058 851 1088; x_wconf 89' lang='lat' dir='ltr'>de</span> <span class='ocrx_word' id='word_1_184' title='bbox 867 1057 957 1088; x_wconf 84' lang='lat' dir='ltr'>Offic.</span> <span class='ocrx_word' id='word_1_185' title='bbox 972 1058 1002 1094; x_wconf 94' lang='lat' dir='ltr'>I,</span> 
     </span>
     <span class='ocr_line' id='line_1_23' title="bbox 113 1100 1004 1141; baseline 0 -12"><span class='ocrx_word' id='word_1_186' title='bbox 113 1100 167 1129; x_wconf 87' lang='lat'>30.</span> <span class='ocrx_word' id='word_1_187' title='bbox 192 1103 214 1118; x_wconf 83' lang='lat'>“</span> <span class='ocrx_word' id='word_1_188' title='bbox 233 1100 270 1130; x_wconf 91' lang='lat' dir='ltr'>In</span> <span class='ocrx_word' id='word_1_189' title='bbox 294 1101 343 1131; x_wconf 82' lang='lat' dir='ltr'>M.</span> <span class='ocrx_word' id='word_1_190' title='bbox 360 1102 462 1132; x_wconf 85' lang='lat' dir='ltr'>Druso</span> <span class='ocrx_word' id='word_1_191' title='bbox 487 1103 672 1132; x_wconf 87' lang='lat' dir='ltr'><strong>adolescente</strong></span> <span class='ocrx_word' id='word_1_192' title='bbox 695 1111 807 1141; x_wconf 82' lang='lat' dir='ltr'><strong>magna</strong></span> <span class='ocrx_word' id='word_1_193' title='bbox 822 1101 880 1130; x_wconf 85' lang='lat' dir='ltr'>fuit</span> <span class='ocrx_word' id='word_1_194' title='bbox 896 1100 1004 1130; x_wconf 86' lang='lat' dir='ltr'><strong>severi-</strong></span> 
     </span>
     <span class='ocr_line' id='line_1_24' title="bbox 114 1143 1004 1184; baseline 0 -12"><span class='ocrx_word' id='word_1_195' title='bbox 114 1143 193 1172; x_wconf 86' lang='lat' dir='ltr'>tas.&#39;&#39;</span> <span class='ocrx_word' id='word_1_196' title='bbox 217 1143 277 1173; x_wconf 86' lang='lat' dir='ltr'>Sed</span> <span class='ocrx_word' id='word_1_197' title='bbox 299 1144 376 1173; x_wconf 82' lang='lat' dir='ltr'>mihi</span> <span class='ocrx_word' id='word_1_198' title='bbox 396 1145 435 1175; x_wconf 89' lang='lat' dir='ltr'>ad</span> <span class='ocrx_word' id='word_1_199' title='bbox 456 1146 521 1184; x_wconf 87' lang='lat' dir='ltr'>ejus</span> <span class='ocrx_word' id='word_1_200' title='bbox 546 1145 643 1175; x_wconf 88' lang='lat' dir='ltr'>filium</span> <span class='ocrx_word' id='word_1_201' title='bbox 669 1144 859 1174; x_wconf 89' lang='lat' dir='ltr'><strong>referendum</strong></span> <span class='ocrx_word' id='word_1_202' title='bbox 875 1144 1004 1173; x_wconf 89' lang='lat' dir='ltr'>videtur.</span> 
     </span>
     <span class='ocr_line' id='line_1_25' title="bbox 114 1184 1000 1227; baseline 0 -12"><span class='ocrx_word' id='word_1_203' title='bbox 114 1184 187 1225; x_wconf 88' lang='lat' dir='ltr'>Ipsa</span> <span class='ocrx_word' id='word_1_204' title='bbox 202 1187 293 1217; x_wconf 88' lang='lat' dir='ltr'><strong>verba</strong></span> <span class='ocrx_word' id='word_1_205' title='bbox 308 1187 460 1218; x_wconf 86' lang='lat' dir='ltr'><strong>Ciceronis</strong></span> <span class='ocrx_word' id='word_1_206' title='bbox 475 1188 506 1217; x_wconf 92' lang='lat' dir='ltr'>id</span> <span class='ocrx_word' id='word_1_207' title='bbox 521 1188 638 1218; x_wconf 82' lang='lat' dir='ltr'><strong>docent.</strong></span> <span class='ocrx_word' id='word_1_208' title='bbox 663 1187 767 1217; x_wconf 92' lang='lat' dir='ltr'>Primo</span> <span class='ocrx_word' id='word_1_209' title='bbox 782 1192 938 1227; x_wconf 87' lang='lat' dir='ltr'>ponuntur</span> <span class='ocrx_word' id='word_1_210' title='bbox 961 1186 1000 1216; x_wconf 83' lang='lat' dir='ltr'>L.</span> 
     </span>
     <span class='ocr_line' id='line_1_26' title="bbox 115 1228 1003 1271; baseline -0.001 -12"><span class='ocrx_word' id='word_1_211' title='bbox 115 1228 241 1259; x_wconf 85' lang='lat' dir='ltr'>Crassus</span> <span class='ocrx_word' id='word_1_212' title='bbox 262 1235 291 1259; x_wconf 91' lang='lat' dir='ltr'>et</span> <span class='ocrx_word' id='word_1_213' title='bbox 315 1230 353 1259; x_wconf 84' lang='lat' dir='ltr'>L.</span> <span class='ocrx_word' id='word_1_214' title='bbox 371 1230 545 1271; x_wconf 89' lang='lat' dir='ltr'>Philippus,</span> <span class='ocrx_word' id='word_1_215' title='bbox 562 1241 623 1271; x_wconf 90' lang='lat' dir='ltr'>quo</span> <span class='ocrx_word' id='word_1_216' title='bbox 642 1230 762 1260; x_wconf 87' lang='lat' dir='ltr'>consule</span> <span class='ocrx_word' id='word_1_217' title='bbox 778 1229 846 1260; x_wconf 84' lang='lat' dir='ltr'><strong>dein</strong></span> <span class='ocrx_word' id='word_1_218' title='bbox 863 1229 1003 1259; x_wconf 82' lang='lat' dir='ltr'>tribunus</span> 
     </span>
     <span class='ocr_line' id='line_1_27' title="bbox 116 1270 1003 1310; baseline 0 -9"><span class='ocrx_word' id='word_1_219' title='bbox 116 1271 165 1301; x_wconf 88' lang='lat' dir='ltr'>M.</span> <span class='ocrx_word' id='word_1_220' title='bbox 183 1270 305 1302; x_wconf 90' lang='lat' dir='ltr'>Drusus</span> <span class='ocrx_word' id='word_1_221' title='bbox 320 1273 364 1302; x_wconf 87' lang='lat' dir='ltr'>fil.</span> <span class='ocrx_word' id='word_1_222' title='bbox 376 1273 453 1303; x_wconf 86' lang='lat' dir='ltr'>fuit:</span> <span class='ocrx_word' id='word_1_223' title='bbox 471 1273 578 1303; x_wconf 85' lang='lat' dir='ltr'><strong>deinde</strong></span> <span class='ocrx_word' id='word_1_224' title='bbox 596 1273 631 1304; x_wconf 89' lang='lat' dir='ltr'>C.</span> <span class='ocrx_word' id='word_1_225' title='bbox 645 1272 756 1310; x_wconf 87' lang='lat' dir='ltr'>Caesar,</span> <span class='ocrx_word' id='word_1_226' title='bbox 774 1272 811 1302; x_wconf 82' lang='lat' dir='ltr'>L.</span> <span class='ocrx_word' id='word_1_227' title='bbox 830 1272 865 1302; x_wconf 88' lang='lat' dir='ltr'>F.</span> <span class='ocrx_word' id='word_1_228' title='bbox 890 1271 1003 1302; x_wconf 82' lang='lat' dir='ltr'><strong>Iisdem</strong></span> 
     </span>
     <span class='ocr_line' id='line_1_28' title="bbox 116 1314 1005 1355; baseline 0 -11"><span class='ocrx_word' id='word_1_229' title='bbox 116 1314 304 1355; x_wconf 85' lang='lat' dir='ltr'>temporibus</span> <span class='ocrx_word' id='word_1_230' title='bbox 316 1315 425 1346; x_wconf 88' lang='lat' dir='ltr'>dicitur</span> <span class='ocrx_word' id='word_1_231' title='bbox 439 1316 538 1346; x_wconf 88' lang='lat' dir='ltr'>multa</span> <span class='ocrx_word' id='word_1_232' title='bbox 549 1317 688 1347; x_wconf 85' lang='lat' dir='ltr'><strong>severitas</strong></span> <span class='ocrx_word' id='word_1_233' title='bbox 700 1315 792 1345; x_wconf 87' lang='lat' dir='ltr'>fuisse</span> <span class='ocrx_word' id='word_1_234' title='bbox 806 1315 837 1345; x_wconf 82' lang='lat' dir='ltr'>in</span> <span class='ocrx_word' id='word_1_235' title='bbox 851 1315 898 1345; x_wconf 88' lang='lat' dir='ltr'>M.</span> <span class='ocrx_word' id='word_1_236' title='bbox 912 1317 1005 1345; x_wconf 69' lang='lat' dir='ltr'>Scau-</span> 
     </span>
     <span class='ocr_line' id='line_1_29' title="bbox 116 1357 1005 1389; baseline 0.002 -3"><span class='ocrx_word' id='word_1_237' title='bbox 116 1367 150 1386; x_wconf 91' lang='lat' dir='ltr'>ro</span> <span class='ocrx_word' id='word_1_238' title='bbox 166 1363 195 1387; x_wconf 91' lang='lat' dir='ltr'>et</span> <span class='ocrx_word' id='word_1_239' title='bbox 210 1357 240 1386; x_wconf 88' lang='lat' dir='ltr'>in</span> <span class='ocrx_word' id='word_1_240' title='bbox 265 1360 287 1375; x_wconf 78' lang='grc'>“</span> <span class='ocrx_word' id='word_1_241' title='bbox 301 1358 349 1387; x_wconf 88' lang='lat' dir='ltr'>M.</span> <span class='ocrx_word' id='word_1_242' title='bbox 364 1357 466 1388; x_wconf 85' lang='lat' dir='ltr'>Druso</span> <span class='ocrx_word' id='word_1_243' title='bbox 481 1359 699 1389; x_wconf 84' lang='lat' dir='ltr'><strong>adolescente.”</strong></span> <span class='ocrx_word' id='word_1_244' title='bbox 723 1359 814 1388; x_wconf 78' lang='lat' dir='ltr'><strong>Pater</strong></span> <span class='ocrx_word' id='word_1_245' title='bbox 829 1364 930 1388; x_wconf 86' lang='lat' dir='ltr'><strong>autem</strong></span> <span class='ocrx_word' id='word_1_246' title='bbox 945 1357 1005 1388; x_wconf 81' lang='lat' dir='ltr'>illis</span> 
     </span>
     <span class='ocr_line' id='line_1_30' title="bbox 116 1400 1005 1440; baseline 0.001 -11"><span class='ocrx_word' id='word_1_247' title='bbox 116 1400 303 1440; x_wconf 80' lang='lat' dir='ltr'>temporibus</span> <span class='ocrx_word' id='word_1_248' title='bbox 327 1400 497 1432; x_wconf 87' lang='lat' dir='ltr'><strong>adolescens</strong></span> <span class='ocrx_word' id='word_1_249' title='bbox 523 1411 584 1431; x_wconf 87' lang='lat' dir='ltr'>non</span> <span class='ocrx_word' id='word_1_250' title='bbox 606 1402 674 1431; x_wconf 87' lang='lat' dir='ltr'>fuit.</span> <span class='ocrx_word' id='word_1_251' title='bbox 708 1401 788 1431; x_wconf 87' lang='lat' dir='ltr'><strong>Item</strong></span> <span class='ocrx_word' id='word_1_252' title='bbox 811 1401 859 1430; x_wconf 86' lang='lat' dir='ltr'>M.</span> <span class='ocrx_word' id='word_1_253' title='bbox 882 1400 1005 1430; x_wconf 84' lang='lat' dir='ltr'>Drusus</span> 
     </span>
     <span class='ocr_line' id='line_1_31' title="bbox 116 1441 1004 1484; baseline 0.001 -13"><span class='ocrx_word' id='word_1_254' title='bbox 116 1441 197 1472; x_wconf 85' lang='lat' dir='ltr'>filius</span> <span class='ocrx_word' id='word_1_255' title='bbox 213 1449 242 1472; x_wconf 89' lang='lat' dir='ltr'>et</span> <span class='ocrx_word' id='word_1_256' title='bbox 255 1443 302 1472; x_wconf 82' lang='lat' dir='ltr'>M.</span> <span class='ocrx_word' id='word_1_257' title='bbox 320 1444 461 1481; x_wconf 80' lang='lat' dir='ltr'>Scaurus,</span> <span class='ocrx_word' id='word_1_258' title='bbox 474 1450 509 1474; x_wconf 90' lang='lat' dir='ltr'>ut</span> <span class='ocrx_word' id='word_1_259' title='bbox 524 1445 585 1481; x_wconf 82' lang='lat' dir='ltr'>hic,</span> <span class='ocrx_word' id='word_1_260' title='bbox 599 1445 783 1484; x_wconf 84' lang='lat' dir='ltr'>junguntur,</span> <span class='ocrx_word' id='word_1_261' title='bbox 796 1443 889 1473; x_wconf 89' lang='lat' dir='ltr'>Dom.</span> <span class='ocrx_word' id='word_1_262' title='bbox 904 1444 951 1474; x_wconf 87' lang='grc'>19.</span> <span class='ocrx_word' id='word_1_263' title='bbox 965 1443 1004 1473; x_wconf 76' lang='lat' dir='ltr'>ad</span> 
     </span>
     <span class='ocr_line' id='line_1_32' title="bbox 117 1484 1002 1527; baseline 0 -12"><span class='ocrx_word' id='word_1_264' title='bbox 117 1484 254 1515; x_wconf 90' lang='lat' dir='ltr'><strong>Herenn.</strong></span> <span class='ocrx_word' id='word_1_265' title='bbox 272 1486 320 1523; x_wconf 92' lang='lat' dir='ltr'>II,</span> <span class='ocrx_word' id='word_1_266' title='bbox 350 1487 397 1515; x_wconf 87' lang='grc'>13.</span> <span class='ocrx_word' id='word_1_267' title='bbox 425 1493 533 1527; x_wconf 80' lang='lat' dir='ltr'>praetor</span> <span class='ocrx_word' id='word_1_268' title='bbox 549 1489 683 1517; x_wconf 86' lang='lat' dir='ltr'>urbanus</span> <span class='ocrx_word' id='word_1_269' title='bbox 695 1486 845 1526; x_wconf 84' lang='lat' dir='ltr'>judicium</span> <span class='ocrx_word' id='word_1_270' title='bbox 861 1486 1002 1523; x_wconf 84' lang='lat' dir='ltr'>reddidit,</span> 
     </span>
     <span class='ocr_line' id='line_1_33' title="bbox 116 1528 1003 1570; baseline 0.002 -13"><span class='ocrx_word' id='word_1_271' title='bbox 116 1528 198 1568; x_wconf 88' lang='lat' dir='ltr'>quod</span> <span class='ocrx_word' id='word_1_272' title='bbox 214 1539 284 1558; x_wconf 90' lang='lat' dir='ltr'>cum</span> <span class='ocrx_word' id='word_1_273' title='bbox 300 1529 418 1559; x_wconf 63' lang='lat' dir='ltr'><strong>haerede</strong></span> <span class='ocrx_word' id='word_1_274' title='bbox 427 1530 563 1559; x_wconf 84' lang='lat' dir='ltr'>mandati</span> <span class='ocrx_word' id='word_1_275' title='bbox 575 1536 722 1570; x_wconf 81' lang='lat' dir='ltr'>ageretur.</span> <span class='ocrx_word' id='word_1_276' title='bbox 749 1529 842 1559; x_wconf 87' lang='lat' dir='ltr'>Hunc</span> <span class='ocrx_word' id='word_1_277' title='bbox 853 1529 901 1559; x_wconf 90' lang='grc' dir='ltr'><strong>Μ.</strong></span> <span class='ocrx_word' id='word_1_278' title='bbox 916 1529 1003 1559; x_wconf 89' lang='lat' dir='ltr'>Dru-</span> 
     </span>
     <span class='ocr_line' id='line_1_34' title="bbox 115 1571 1003 1612; baseline 0.002 -12"><span class='ocrx_word' id='word_1_279' title='bbox 115 1580 187 1600; x_wconf 88' lang='lat' dir='ltr'>sum</span> <span class='ocrx_word' id='word_1_280' title='bbox 202 1571 330 1611; x_wconf 83' lang='lat' dir='ltr'>Pighius</span> <span class='ocrx_word' id='word_1_281' title='bbox 354 1572 443 1602; x_wconf 87' lang='lat' dir='ltr'><strong>refert</strong></span> <span class='ocrx_word' id='word_1_282' title='bbox 457 1573 496 1602; x_wconf 89' lang='lat' dir='ltr'>ad</span> <span class='ocrx_word' id='word_1_283' title='bbox 511 1574 553 1602; x_wconf 93' lang='lat' dir='ltr'>A.</span> <span class='ocrx_word' id='word_1_284' title='bbox 571 1573 610 1603; x_wconf 89' lang='lat' dir='ltr'>U.</span> <span class='ocrx_word' id='word_1_285' title='bbox 629 1574 702 1610; x_wconf 79' lang='lat'>637,</span> <span class='ocrx_word' id='word_1_286' title='bbox 729 1571 786 1602; x_wconf 92' lang='lat' dir='ltr'>hoc</span> <span class='ocrx_word' id='word_1_287' title='bbox 811 1578 1003 1612; x_wconf 84' lang='lat' dir='ltr'>argumento,</span> 
     </span>
     <span class='ocr_line' id='line_1_35' title="bbox 115 1614 1002 1656; baseline 0.002 -13"><span class='ocrx_word' id='word_1_288' title='bbox 115 1619 151 1643; x_wconf 86' lang='lat' dir='ltr'>ut</span> <span class='ocrx_word' id='word_1_289' title='bbox 165 1614 281 1654; x_wconf 89' lang='lat' dir='ltr'>opinor,</span> <span class='ocrx_word' id='word_1_290' title='bbox 299 1614 381 1654; x_wconf 88' lang='lat' dir='ltr'>quod</span> <span class='ocrx_word' id='word_1_291' title='bbox 396 1615 493 1645; x_wconf 90' lang='lat' dir='ltr'>tribus</span> <span class='ocrx_word' id='word_1_292' title='bbox 515 1615 602 1645; x_wconf 86' lang='lat' dir='ltr'>annis</span> <span class='ocrx_word' id='word_1_293' title='bbox 622 1621 691 1656; x_wconf 82' lang='lat' dir='ltr'>post</span> <span class='ocrx_word' id='word_1_294' title='bbox 714 1615 819 1646; x_wconf 77' lang='lat' dir='ltr'>consul</span> <span class='ocrx_word' id='word_1_295' title='bbox 833 1616 930 1645; x_wconf 88' lang='lat' dir='ltr'>factus</span> <span class='ocrx_word' id='word_1_296' title='bbox 945 1621 1002 1652; x_wconf 88' lang='lat' dir='ltr'><strong>est,</strong></span> 
     </span>
     <span class='ocr_line' id='line_1_36' title="bbox 114 1657 1005 1699; baseline 0.001 -13"><span class='ocrx_word' id='word_1_297' title='bbox 114 1666 176 1696; x_wconf 92' lang='lat' dir='ltr'>quo</span> <span class='ocrx_word' id='word_1_298' title='bbox 202 1657 254 1686; x_wconf 87' lang='lat' dir='ltr'><strong>ille</strong></span> <span class='ocrx_word' id='word_1_299' title='bbox 275 1667 354 1697; x_wconf 86' lang='lat' dir='ltr'><strong>saepe</strong></span> <span class='ocrx_word' id='word_1_300' title='bbox 377 1657 408 1687; x_wconf 88' lang='lat' dir='ltr'>in</span> <span class='ocrx_word' id='word_1_301' title='bbox 434 1657 603 1698; x_wconf 75' lang='lat' dir='ltr'><strong>digerendis</strong></span> <span class='ocrx_word' id='word_1_302' title='bbox 626 1664 790 1699; x_wconf 79' lang='lat' dir='ltr'>praetoruni</span> <span class='ocrx_word' id='word_1_303' title='bbox 817 1659 904 1688; x_wconf 87' lang='lat' dir='ltr'>annis</span> <span class='ocrx_word' id='word_1_304' title='bbox 931 1668 1005 1688; x_wconf 90' lang='lat' dir='ltr'>usus</span> 
     </span>
     <span class='ocr_line' id='line_1_37' title="bbox 113 1699 1003 1741; baseline 0.001 -12"><span class='ocrx_word' id='word_1_305' title='bbox 113 1704 165 1729; x_wconf 87' lang='lat' dir='ltr'><strong>est.</strong></span> <span class='ocrx_word' id='word_1_306' title='bbox 182 1699 215 1731; x_wconf 87' lang='lat' dir='ltr'>Si</span> <span class='ocrx_word' id='word_1_307' title='bbox 228 1704 316 1737; x_wconf 87' lang='lat' dir='ltr'><strong>recte,</strong></span> <span class='ocrx_word' id='word_1_308' title='bbox 335 1706 378 1730; x_wconf 85' lang='lat' dir='ltr'>est</span> <span class='ocrx_word' id='word_1_309' title='bbox 394 1699 444 1730; x_wconf 90' lang='lat' dir='ltr'><strong>ille</strong></span> <span class='ocrx_word' id='word_1_310' title='bbox 460 1701 523 1741; x_wconf 82' lang='lat' dir='ltr'><strong>ipse</strong></span> <span class='ocrx_word' id='word_1_311' title='bbox 540 1704 562 1718; x_wconf 88' lang='grc'>“</span> <span class='ocrx_word' id='word_1_312' title='bbox 582 1701 732 1731; x_wconf 84' lang='lat' dir='ltr'>Patronus</span> <span class='ocrx_word' id='word_1_313' title='bbox 744 1702 871 1732; x_wconf 70' lang='lat' dir='ltr'><strong>Senatus</strong></span> <span class='ocrx_word' id='word_1_314' title='bbox 883 1701 916 1731; x_wconf 74' lang='lat'>:&#39;&#39;</span> <span class='ocrx_word' id='word_1_315' title='bbox 933 1711 1003 1731; x_wconf 83' lang='lat' dir='ltr'>nam</span> 
     </span>
    </p>
   </div>
  </div>
 </body>
</html>
