1137 1848
312 71 462 103 INDEX
485 70 887 102 GnAEco—LATINUS.
978 71 1038 101 491

155 157 300 194 Antoniig
325 157 407 199 quod
427 156 592 188 clarissime
612 161 695 198 patet
710 167 747 187 ex
768 156 834 187 loco
849 156 921 187 huic
940 157 1041 197 paral-

148 200 220 238 lelo,
252 201 334 231 Phil.
360 199 406 235 II,
432 201 484 230 41.
510 203 532 218 “
553 200 719 240 praesertim
743 210 813 230 cum
840 200 915 230 duos
939 209 1041 230 secum

149 243 331 284 Anagninos
354 244 489 279 haberet,
511 253 641 283 quorum
668 243 744 273 alter
766 243 970 284 gladiatorum
997 248 1040 272 est

149 286 299 327 princeps,
315 287 390 317 alter
405 286 618 327 poculorum.”

192 334 234 358 Τα
247 333 314 366 ὅλα,
329 335 405 367 tota,
422 330 576 365 universa,
593 328 631 358 ad
642 328 711 358 Att.
728 328 828 365 XIII,
846 329 897 359 40.

194 376 235 401 Τα
252 384 333 410 eustoc,
348 383 396 410 ea,
409 383 475 412 qua>
489 377 561 402 sunt
577 382 615 401 eat
631 382 700 409 usu,
717 372 755 401 ad
771 372 839 402 Att.
854 372 898 408 X,
918 372 967 401 18.

192 419 233 443 Tot
254 427 318 455 περι
343 427 392 445 του
414 417 599 449 καθηκοντος,
615 425 685 454 qva>
701 416 738 444 cle
753 415 858 456 officiis
873 420 958 452 sunt,
972 415 1043 445 libri

152 459 190 488 de
205 459 323 499 qffit‘z'is,
340 459 379 488 ad
393 459 462 488 Att.
478 457 556 495 XV,
576 460 624 487 13.
646 457 742 492 XVI,
764 462 811 489 11.

189 506 246 535 Τας
259 513 314 530 των
326 513 513 541 κρατουντων.
528 500 686 542 Euripidis
700 511 802 531 versus
815 500 930 540 integer
937 500 977 531 sic
987 500 1041 530 ha-

146 545 218 575 bet:
242 548 299 577 Τας
311 556 368 573 των
384 555 560 582 κρατουντων
578 546 705 581 αμαὲῒιας
721 551 926 584 φερειν-χρεων,
942 545 1039 573 (107)ιὶ-

145 588 293 618 nantium
309 587 455 617 stultitias
456 586 553 627 ferre
567 591 693 625 oportet,
716 586 755 616 ad
772 587 839 617 Att.
858 585 904 623 ΙΙ,
928 588 979 616 25.
1003 597 1040 617 ex

149 630 326 667 Phoenissis,
340 640 368 660 v.
384 630 458 660 396.

188 678 230 703 Τα
254 686 309 703 των
328 679 420 712 <panum
437 683 523 709 κοινα,
537 683 583 701 και
601 676 698 711 φιλιαν
717 683 852 707 ισοτητα,
865 674 1040 703 amicorum

137 717 308 748 communia
323 717 417 746 omnia
429 727 441 750 ,·
465 722 492 746 et
501 716 659 745 amicitiam
670 724 728 745 esse
737 715 944 756 aequalitatevz,
961 716 1038 757 Leg-

143 761 174 798 1,
194 761 244 790 12.

189 808 374 840 Ταυτοματον
388 801 477 839 ἤμων.
492 800 608 832 Versus
622 802 738 841 integer
753 800 794 831 sic
808 800 918 832 habet:
932 807 1041 831 Taua-0-

148 858 241 886 ματον
265 845 344 883 ἡμων
369 849 483 872 καλλιω
506 844 688 879 βουλευεται,
712 854 796 873 casus
818 845 931 881 melius,
955 856 1041 883 quam

148 900 210 926 nos,
233 887 367 923 consulit,
390 887 429 917 ad
451 886 519 916 Att.
541 887 569 924 Ι,
594 890 643 918 12.
674 886 790 917 Versus
808 886 984 923 Menandri,
1007 894 1042 918 ut

146 932 245 973 placet
256 929 418 960 Lambino.
434 930 477 959 Et
493 936 564 959 sunt
573 930 740 970 persimiles
750 929 915 960 Menandri
926 930 963 960 de
970 941 1040 961 casu

127 985 247 1005 vrversus
262 979 291 1004 et
306 972 460 1003 sententiae
475 972 506 1002 in
526 972 636 1013 fragm.
657 983 688 1013 p.
704 974 774 1002 100.
788 973 858 1002 106.
873 973 918 1003 ed.
932 972 1016 1004 Cler.

188 1019 353 1056 Τεὲριππα,
368 1017 531 1056 quadrigae,
548 1016 587 1045 ad
604 1016 669 1046 Att.
686 1015 730 1051 V,
747 1016 798 1045 21.
822 1016 907 1046 Inter
922 1016 1040 1047 divinos

145 1059 274 1091 honores
290 1069 352 1089 esse
367 1058 530 1099 quadrigas
546 1059 618 1089 satis
632 1064 756 1089 constat.
782 1057 890 1098 Itaque
902 1059 933 1089 in
948 1069 1040 1089 num-

146 1104 205 1134 mis
229 1107 470 1132 consecratorum
487 1101 689 1142 reperiuntur,
706 1107 735 1132 et
756 1101 788 1131 in
810 1101 940 1132 aliorum
963 1113 1041 1142 quo-

147 1156 219 1187 que,
243 1144 398 1176 interdum
422 1144 587 1175 fornicibus
613 1144 772 1185 impositae.
807 1143 847 1173 V.
878 1145 913 1174 M
919 1144 1040 1175 enkenii

146 1189 230 1219 Diss.
245 1188 283 1218 de
299 1187 530 1218 Consecratione
547 1188 760 1228 Augustorum
782 1193 811 1217 et
826 1188 1039 1227 Augustarum

146 1243 163 1263 e
186 1231 333 1262 nummis.
368 1230 450 1260 Cum
476 1241 547 1271 ergo
573 1230 759 1267 invaluisset,
784 1235 819 1260 ut
842 1230 1040 1270 provinciales

144 1274 372 1315 magistratibus
387 1273 504 1303 divinos
525 1273 653 1303 honores
669 1274 846 1310 tribuerent,
863 1273 1039 1314 templaque

144 1318 337 1353 aedificarent,
355 1316 445 1346 etiam
462 1316 624 1357 quadrigas
636 1326 734 1346 aeneas
749 1326 970 1347 marmoreasve
984 1326 1038 1356 po-

144 1365 281 1397 suerunt,
303 1359 351 1390 vel
380 1359 412 1388 in
441 1359 568 1399 fastigiis
594 1359 790 1399 templorum⁷
820 1364 855 1389 ut
884 1369 934 1399 ap.
965 1359 1035 1389 Liv.

142 1404 288 1441 XXXV,
309 1405 361 1433 41.
377 1401 426 1432 vel
440 1402 471 1431 in
487 1402 662 1432 fornicibus.

185 1445 393 1484 Τεκμηριωδες,
408 1445 525 1485 signum
539 1445 690 1485 ejusmodi,
707 1450 742 1475 ut
756 1445 888 1475 dubitari
901 1455 958 1474 mm
970 1455 1037 1484 pos-

145 1491 194 1526 sit,
217 1488 256 1519 ad
273 1488 338 1518 Att.
357 1487 440 1525 VII,
457 1489 487 1517 4.
931 1504 935 1506 -

182 1538 280 1562 Τεκνον
293 1542 368 1569 εμον,
385 1542 413 1560 ου
426 1542 469 1560 τοι
486 1529 597 1560 &Soron
613 1533 757 1570 πολεμηῖα
771 1542 850 1570 εργα.
866 1535 952 1559 Αλλα
971 1530 1032 1567 συγ’

143 1579 292 1615 ἱμεροεντα
316 1585 458 1614 μετερχεο
483 1585 551 1613 εργα
578 1578 684 1610 >xo-ymo,
704 1584 762 1603 mm
782 1575 847 1611 tibi,
867 1580 936 1603 nata
959 1583 1034 1609 mea,

141 1621 210 1650 data
222 1622 291 1647 sunt
306 1626 392 1655 opera
408 1616 531 1652 bellica,·
558 1626 660 1646 verum
682 1622 716 1645 tu
729 1617 848 1654 placida
863 1625 1038 1655 persequere

140 1671 262 1692 munera
278 1658 460 1698 eloquentiae,
476 1659 515 1689 ad
530 1657 598 1689 Att.
618 1657 713 1695 XIV,
730 1660 778 1689 13.
802 1659 931 1690 Homer.
947 1657 1036 1688 Iliad.

140 1711 175 1741 Ε,
192 1715 219 1734 v.
230 1705 305 1734 428.
323 1702 384 1732 Pro
399 1714 510 1740 γαμοιο,
529 1700 635 1733 Cicero
650 1702 769 1743 scripsit
784 1708 889 1739 λογειο,
902 1707 937 1731 ut
952 1701 988 1731 ad
1006 1711 1036 1730 se

141 1744 381 1778 accommodaret
397 1747 500 1784 ῥησιν.Υ
