1137 1848
294 80 445 112 INDEX
468 79 756 114 HISTORICUS.
907 82 965 113 401

124 166 159 197 P.
180 165 311 197 Valerius
326 166 462 205 Flaccus,
479 166 562 197 Phil.
582 167 626 206 V,
644 170 693 198 10.
709 167 827 208 legatus
849 167 967 198 Ronla-

77 219 186 240 norum
201 209 240 240 ad
257 209 486 240 Hannibalem'
478 220 509 240 ln
527 210 689 251 Hispania.

120 254 158 283 P.
179 252 322 301 Vale-rius,
340 253 420 282 Phil.
436 252 463 289 Ι,
477 256 507 283 3.
524 263 623 283 comes
634 253 800 290 Ciceronis
817 264 887 284 cum
903 253 966 294 pri-

75 305 162 325 mum
178 295 233 325 iter
248 295 278 324 in
292 295 441 325 Gl'eciam
454 302 522 336 post
534 302 662 326 mortem
678 295 806 327 Caesaris
818 295 966 326 instituis-

74 344 128 368 set.
144 338 216 368 ibid.
230 344 259 368 et
274 338 341 368 Att.
353 338 449 376 XVI
467 339 496 373 7.
508 338 614 368 villam
629 339 738 369 habuit
752 339 790 369 ad
807 339 964 379 Leucope-

74 386 166 418 tram,
190 381 221 410 in
243 391 336 422 quam
357 387 424 411 tum
445 381 549 411 Cicero
570 381 701 412 divertit.
726 383 791 412 Att.
810 383 852 419 V,
872 385 923 412 21.
945 392 964 411 a

73 423 218 454 Deiotaro
230 430 431 454 sustentatur:
445 424 562 454 debitor
572 424 676 454 Attici.
693 425 780 455 Idem
792 431 847 463 est,
858 434 962 465 quem,

73 466 113 496 ad
131 465 204 496 Div.
221 467 316 505 XIV,
334 472 365 505 2,
382 467 519 497 nominat
540 470 563 485 ‘²
584 467 741 498 hominem
761 467 964 498 officiosum.''

73 509 146 540 Vid.
164 509 295 539 Valerius
311 513 459 548 interpres.

117 552 152 586 Q.
173 552 304 583 Valerius
319 553 454 591 Soranus,
470 553 524 583 ΒΓ.
540 554 593 584 46.
619 553 724 584 doctus
740 553 854 584 Graecis
868 552 963 583 literis

71 600 102 624 et
122 595 250 626 Latinis.
270 595 325 627 Or.
343 596 411 634 III,
437 600 485 627 ll.
508 596 728 627 literatissimus
743 596 883 627 omnium
900 596 967 640 Lag

73 643 217 668 tmorum.

114 682 149 715 Q.
172 682 316 720 Valerius,
340 681 381 719 Q.
398 682 434 712 F.
462 683 549 718 Orco,
571 683 602 712 in
624 683 694 713 Sen.
715 688 784 723 post
800 681 902 712 Redit.
928 683 962 711 9.

69 729 191 764 praetor,
206 725 242 754 P.
260 724 394 755 Lentulo
410 725 571 766 Spinthere
591 736 648 756 cos.
665 725 703 755 ad
720 726 792 755 Div.
808 724 909 761 XIII,
926 727 957 754 4.

69 768 188 806 legatus
208 777 263 807 pro
286 773 413 807 praetore
428 779 446 797 a
463 767 582 799 Caesare
597 768 774 809 praepositus
790 768 868 808 agris
883 767 961 797 divi-

70 809 199 845 dendis;
232 816 335 850 postea
364 812 524 851 proconsul
553 812 680 850 Africae,
711 820 772 841 non
802 810 960 841 consulatu

70 858 164 892 gesto.
189 852 237 883 Cf.
253 863 290 893 ep
295 854 349 883 ,6.

114 897 146 926 C.
162 895 186 924 V
185 898 228 928 ατί)
223 906 279 925 tus
270 864 471 935 ΡΗίρῙιῐαηυε,
488 897 606 927 adDiv.
619 896 722 932 XIII,
735 896 787 931 76.
803 895 885 926 idem
901 900 946 925 est

69 937 123 978 qui
146 938 188 976 Q.
214 938 349 979 Hippius
371 939 403 969 in
426 940 531 970 eadem
554 940 681 980 epistola
703 939 884 980 appellatur.
917 938 955 968 C.

68 980 199 1021 Valgius
225 981 322 1011 dictus
345 988 388 1013 est
410 993 428 1012 a
448 991 545 1023 patre,
562 982 616 1023 qui
638 992 710 1013 eum
732 982 811 1022 adop
813 981 896 1011 tavit.
919 981 956 1011 C.

68 1023 217 1064 Valgium
237 1024 414 1072 quemdam,
436 1025 489 1066 qui
512 1026 549 1056 de
570 1036 626 1056 usu
649 1025 813 1055 herbarum
836 1024 874 1054 ad
891 1023 959 1054 Au-

64 1072 193 1107 ,gustum
210 1067 337 1107 scripsit,
353 1075 571 1099 commemorat
588 1069 668 1098 Plin.
687 1068 797 1106 XXV,
813 1070 842 1096 2.

116 1110 243 1150 Valgius,
262 1112 371 1150 Agrar.
390 1110 454 1147 III,
476 1112 502 1141 l.
520 1112 560 1141 P.
577 1112 667 1141 Rulli
681 1121 786 1151 gener,
804 1110 859 1152 qui
873 1110 956 1140 mul-

67 1157 112 1182 tos
127 1162 215 1193 agros
230 1159 365 1193 tempore
381 1155 507 1184 Sullano
523 1154 692 1195 occuparat.

108 1196 141 1226 C.
160 1196 219 1226 Cn.
233 1202 263 1226 et
280 1197 315 1226 L.
335 1196 449 1234 Ilm-eni,
466 1197 503 1227 fr.
517 1197 573 1228 Or.
589 1208 644 1237 pro
661 1197 781 1226 Vareno
795 1207 803 1226 ε
828 1195 882 1236 qui
900 1195 952 1225 de-

65 1238 168 1268 fensus
184 1245 227 1269 est
242 1249 260 1268 a
270 1239 424 1276 Cicerone,
438 1250 505 1270 reus
515 1241 592 1270 inter
604 1239 735 1277 sicarios,
748 1239 830 1280 quod
843 1238 956 1270 Caium

66 1281 231 1320 occidisset,
249 1282 378 1312 Cnaeum
394 1283 590 1313 vulnerasset.

113 1323 137 1352 1
136 1326 252 1364 ινσιιία,
265 1325 320 1356 Or
335 1324 378 1360 II,
392 1326 443 1355 60.
460 1325 551 1355 homo
561 1325 660 1361 dicax,
676 1324 712 1356 C.
725 1324 954 1363 JuliiCaesaris,

67 1367 143 1406 ejus,
161 1367 215 1407 qui
230 1367 261 1397 in
271 1367 355 1398 libris
369 1368 416 1398 his
432 1369 596 1406 inducitur,
613 1369 738 1399 amicus

110 1410 143 1439 C.
162 1408 368 1449 VargunteiuS,
385 1411 463 1441 Sull.
480 1416 509 1442 2.
531 1417 659 1445 senator,
682 1411 779 1442 socius
802 1410 954 1449 Catssinae,

63 1452 118 1494 qui
134 1452 311 1483 Ciceronem
326 1453 358 1483 in
370 1454 480 1484 lectulo
495 1454 660 1484 interficere
672 1454 778 1484 voluit.

107 1497 146 1526 P.
171 1496 318 1533 Varinus,
335 1497 436 1528 Flacc.
456 1498 503 1528 19.
517 1503 627 1538 praetor
643 1497 736 1534 Asiae,
758 1497 797 1527 A.
815 1497 856 1527 U.
879 1497 953 1527 680.

64 1537 202 1579 Appian.
220 1539 259 1569 B.
278 1538 369 1570 Civil.
387 1539 415 1578 Ι,
432 1551 462 1581 p.
473 1544 547 1577 205,
560 1540 693 1581 appellat
705 1540 868 1571 Varinium
879 1540 955 1570 Gla-

63 1581 178 1611 brum.
169 1592 177 1600 ·
203 1582 286 1622 quod
297 1592 465 1622 cognomen
481 1584 507 1613 ei
523 1583 676 1621 abjudicat
690 1583 850 1631 Sigonius,
859 1582 898 1612 ad
909 1586 954 1612 A.

65 1624 149 1660 6803
173 1626 278 1655 asserit
292 1625 459 1656 Bimardus
473 1636 511 1656 ex
534 1626 653 1666 antiqui
672 1625 853 1656 monimenti
872 1625 954 1666 frag-

64 1672 181 1702 mento,
197 1667 229 1697 in
246 1678 307 1708 quo
322 1668 446 1698 historia
456 1669 530 1699 belli
541 1669 655 1700 servilis
666 1669 814 1711 descripta
823 1668 895 1707 fuit,
905 1679 955 1709 ap.

68 1708 225 1741 Murator.
242 1711 337 1743 Thes.
352 1720 420 1742 nov.
439 1711 534 1743 Inscr.
550 1711 590 1742 T.
608 1711 682 1785 LE.
699 1713 746 1785 43

681 1764 709 1786 M
