1137 1848
315 59 466 91 INDEX
488 60 774 94 HISTORICUS.
919 64 982 93 255

142 146 312 186 Hipponax,
336 145 411 177 Nat.
432 145 558 185 D.111,
582 148 636 177 38.
662 147 915 189 Iambographus,
932 147 986 187 qui

98 187 207 218 iambis
231 187 422 220 mordacibus
437 189 643 220 Anthermum
659 196 688 221 et
701 191 859 230 Bupalum
875 191 914 220 ad
928 200 989 219 res-

97 231 153 260 tim
168 231 290 271 adegit;
315 242 333 261 a
356 242 428 273 quo,
449 232 481 262 in
497 232 585 263 Orat.
606 234 657 268 57.
678 244 730 273 pes
747 234 988 274 Hipponacteus,

95 279 125 303 et
139 273 178 303 ad
192 273 266 305 Div.
281 273 361 314 VII,
378 276 429 310 27.
444 275 631 315 praeconium
645 275 895 317 Hipponacteum
910 275 986 305 dici-

100 321 160 346 tur.
743 323 746 327 '

141 360 267 398 Hirrus,
300 359 340 391 ad
370 359 444 390 Div.
470 359 569 398 VIII,
594 361 626 391 8.
652 370 818 402 cognomen
842 360 987 391 Lucceio-

99 411 178 432 rum.

141 446 175 476 C.
202 445 328 483 Hirrus,
350 444 419 476 Att.
446 445 546 485 VIII,
577 449 624 477 ll.
650 446 868 487 Pompeianus,
893 455 986 486 quem

97 486 199 519 Caesar
227 489 365 518 Ulcillam
389 488 477 519 dixit.
500 489 538 519 ad
564 489 638 519 Div.
655 489 702 526 ΙΙ,
723 493 771 519 10.
792 500 810 518 a
826 489 874 518 M.
891 488 986 518 Coelio

97 529 130 559 in
145 530 288 570 petitione
301 531 450 562 aedjlitatis
465 531 604 562 vincitur.
627 532 665 562 ad
675 532 748 563 Div.
761 530 860 569 VIII,
877 533 906 562 9.
918 540 989 561 con-

97 577 144 602 tra
159 572 309 603 Caesarem
325 574 486 604 sententias
509 574 581 604 dicit
596 581 664 615 post
678 575 842 615 repulsam,
859 580 889 604 et
906 579 988 604 totus

98 621 245 645 mutatur.
262 616 300 645 ad
316 616 389 647 Div.
405 615 504 653 VIII,
522 621 553 648 2.
576 617 668 648 Adde
682 617 714 647 in
732 618 885 647 Lucceius.

141 659 184 688 A.
213 659 347 695 Hirtius,
381 659 420 689 ad
447 660 520 690 Div.
552 659 632 698 VII,
657 661 708 690 33.
731 660 880 690 declamat
903 658 986 699 apud

98 700 285 732 Ciceronem.
308 701 388 731 Phil.
417 701 445 740 I,
471 704 519 733 15.
543 702 625 740 XII,
646 704 676 733 4.
699 703 763 742 ejus
781 702 912 733 consulis
934 701 987 730 de-

97 743 176 783 sign.
205 744 381 784 recuperata
405 745 578 776 valetudine
602 745 735 787 populus
759 745 880 785 gaudet.
905 744 987 774 Phil.

99 785 180 823 VII,
206 787 236 816 4.
263 786 417 817 Ciceronis
440 788 566 828 collega,
593 798 634 818 sc.
661 788 693 817 in
719 794 879 828 auguratu.
905 787 988 816 Phil.

98 828 179 866 VII,
204 830 235 860 4.
266 829 305 859 ad
327 829 444 859 bellum
464 838 568 861 contra
591 829 762 861 Antonium
783 829 989 870 proficiscitur.

98 871 138 902 ad
154 872 226 902 Div.
242 872 286 910 X,
302 872 355 901 33.
378 873 554 903 Antonium
570 873 682 910 vincit;
705 872 759 903 sed
773 873 805 903 in
828 881 988 913 oppugna-

101 914 183 944 tione
197 921 363 945 castrorum
376 915 463 955 perit.

142 958 324 995 Hismenias,
346 956 435 987 Verr.
451 958 494 997 V,
511 959 563 989 42.
579 957 810 999 Tyndaritanus
825 957 944 988 nobilis.

144 1002 251 1039 Hispo,
267 1001 314 1031 vel
331 1001 370 1030 H
372 1002 447 1040 ipso,
463 1001 503 1031 ad
518 1001 590 1032 Div.
605 1000 700 1039 XIV,
714 1001 741 1030 l.
754 1000 887 1031 centurio
899 999 991 1029 fuisse

100 1042 229 1080 videtur,
259 1043 369 1074 missus
392 1054 411 1073 a
436 1053 509 1074 coss.
535 1044 584 1074 vel
606 1044 727 1074 tribuno
742 1044 784 1084 pl.
809 1043 929 1080 Clodio,
954 1048 990 1072 ut

103 1086 282 1117 Ciceronem
298 1086 435 1116 exsulem
450 1093 690 1127 persequeretur.

146 1130 306 1166 Homerus,
329 1128 423 1159 Arch.
440 1130 470 1159 8.
486 1129 523 1159 de
538 1130 603 1168 ejus
618 1129 715 1170 patria
731 1139 800 1169 quae
814 1129 903 1158 urbes
917 1138 990 1158 con-

103 1171 262 1202 tenderint.
285 1172 342 1203 Or.
359 1170 424 1209 III,
440 1172 491 1202 33.
509 1173 574 1211 ejus
589 1172 681 1203 libros
691 1171 743 1208 sic,
757 1177 791 1201 ut
801 1181 882 1201 nunc
896 1171 991 1200 habe-

102 1223 184 1251 mus,
200 1213 347 1254 disposuit
371 1214 554 1244 Pisistratus.
578 1215 647 1245 F'm.
663 1214 706 1252 V,
730 1217 777 1244 18.
798 1215 863 1253 ejus
887 1213 991 1243 fabula

103 1256 141 1287 de
164 1257 320 1287 Sirenibus
343 1257 520 1297 explicatur.
541 1256 571 1287 Τ
575 1267 636 1288 use.
654 1257 694 1293 V,
720 1260 771 1288 39.
787 1267 882 1287 caecus
897 1256 990 1285 fuisse

102 1299 223 1330 dicitur.
247 1299 274 1338 I,
304 1301 353 1330 16.
369 1301 433 1338 ejus
449 1305 565 1329 Νεκυια.
590 1300 632 1337 V,
650 1302 680 1330 3.
705 1299 839 1340 Lycurgi
857 1298 991 1339 aequalis.

104 1341 133 1380 I,
155 1346 180 1372 l.
201 1347 271 1372 ante
295 1343 428 1373 Romam
444 1342 530 1373 vixit.
545 1342 583 1372 de
598 1343 668 1373 Sen.
694 1346 741 1373 15.
756 1342 861 1372 multis
876 1341 991 1371 saeculis

103 1391 173 1415 ante
189 1384 369 1415 Hesiodum.
392 1385 464 1415 Div.
482 1384 528 1422 ΙΙ,
549 1388 598 1416 10.
613 1385 760 1416 sententia
775 1384 812 1414 de
827 1384 898 1414 fato.

149 1429 288 1465 Horatia,
314 1427 352 1458 de
376 1427 445 1458 Inv.
470 1427 517 1467 II,
541 1431 593 1459 26.
619 1438 701 1460 soror
719 1427 928 1465 Horatiorum,
953 1425 993 1456 de

105 1471 165 1512 qua
183 1470 301 1506 Livius,
318 1469 347 1507 I,
363 1471 415 1501 26.

150 1514 283 1551 Horatii,
308 1512 376 1543 Inv.
396 1512 442 1551 II,
465 1516 515 1542 26.
539 1512 646 1544 fratres
666 1512 825 1554 tergemini
847 1512 993 1550 Romani,

106 1556 144 1586 de
159 1555 270 1596 quibus
284 1562 328 1585 est
343 1556 425 1597 apud
440 1556 509 1586 Liv.
527 1555 556 1593 I,
571 1557 622 1586 24.
636 1567 698 1597 seq.
723 1556 858 1591 Marcus,
875 1555 929 1595 qui
944 1565 993 1585 so-

109 1609 208 1629 rorem
223 1599 381 1635 interfecit,
398 1599 503 1639 populi
519 1599 647 1629 comitiis
661 1599 813 1629 liberatur.
837 1597 907 1627 Mil.
925 1601 954 1628 3.

155 1642 202 1671 Μ.
219 1642 361 1671 Horatius
372 1642 536 1671 Pulvillus.
553 1641 647 1672 Dom.
663 1642 714 1672 53.
727 1641 912 1683 Capitolium
924 1650 995 1671 con-

112 1689 224 1715 stanter
238 1683 363 1714 dedicat.
381 1684 422 1713 V.
440 1684 506 1714 Liv.
525 1682 571 1721 II,
589 1685 618 1715 8.

159 1727 316 1765 Isuratius,
341 1727 380 1757 ad
395 1726 468 1757 Div.
485 1726 566 1766 XII,
583 1731 635 1758 30.
