<?xml version="1.0" encoding="UTF-8"?>
<!DOCTYPE html PUBLIC "-//W3C//DTD XHTML 1.0 Transitional//EN"
    "http://www.w3.org/TR/xhtml1/DTD/xhtml1-transitional.dtd">
<html xmlns="http://www.w3.org/1999/xhtml" xml:lang="en" lang="en">
 <head>
  <title>
</title>
<meta http-equiv="Content-Type" content="text/html;charset=utf-8" />
  <meta name='ocr-system' content='tesseract 3.04.00' />
  <meta name='ocr-capabilities' content='ocr_page ocr_carea ocr_par ocr_line ocrx_word'/>
</head>
<body>
  <div class='ocr_page' id='page_1' title='image "./operaern12ciceuoft_0188.png"; bbox 0 0 1122 1868; ppageno 0'>
   <div class='ocr_carea' id='block_1_1' title="bbox 116 83 786 120">
    <p class='ocr_par' dir='ltr' id='par_1_1' title="bbox 116 83 786 120">
     <span class='ocr_line' id='line_1_1' title="bbox 116 83 786 120; baseline 0.006 -7"><span class='ocrx_word' id='word_1_1' title='bbox 116 83 177 118; x_wconf 79' lang='lat'>176</span> <span class='ocrx_word' id='word_1_2' title='bbox 329 85 478 118; x_wconf 90' lang='lat' dir='ltr'>INDEX</span> <span class='ocrx_word' id='word_1_3' title='bbox 501 86 786 120; x_wconf 83' lang='lat' dir='ltr'>HISTORICUS.</span> 
     </span>
    </p>
   </div>
   <div class='ocr_carea' id='block_1_2' title="bbox 161 168 853 212">
    <p class='ocr_par' dir='ltr' id='par_1_2' title="bbox 161 168 853 212">
     <span class='ocr_line' id='line_1_2' title="bbox 161 168 853 212; baseline 0.009 -14"><span class='ocrx_word' id='word_1_4' title='bbox 161 168 348 210; x_wconf 77' lang='lat' dir='ltr'>Cassandra,</span> <span class='ocrx_word' id='word_1_5' title='bbox 371 172 428 203; x_wconf 88' lang='lat' dir='ltr'>Or.</span> <span class='ocrx_word' id='word_1_6' title='bbox 445 172 492 212; x_wconf 88' lang='lat' dir='ltr'>II,</span> <span class='ocrx_word' id='word_1_7' title='bbox 508 173 560 203; x_wconf 90' lang='grc'>66.</span> <span class='ocrx_word' id='word_1_8' title='bbox 577 173 633 203; x_wconf 79' lang='lat' dir='ltr'>&amp;c-</span> <span class='ocrx_word' id='word_1_9' title='bbox 650 173 766 204; x_wconf 86' lang='lat' dir='ltr'>Priami</span> <span class='ocrx_word' id='word_1_10' title='bbox 779 172 853 204; x_wconf 87' lang='lat' dir='ltr'>filia.</span> 
     </span>
    </p>
   </div>
   <div class='ocr_carea' id='block_1_3' title="bbox 120 213 1005 288">
    <p class='ocr_par' dir='ltr' id='par_1_3' title="bbox 120 213 1005 288">
     <span class='ocr_line' id='line_1_3' title="bbox 163 213 1005 256; baseline 0.008 -15"><span class='ocrx_word' id='word_1_11' title='bbox 163 213 195 242; x_wconf 85' lang='lat' dir='ltr'>C.</span> <span class='ocrx_word' id='word_1_12' title='bbox 225 215 373 244; x_wconf 75' lang='lat' dir='ltr'>Cassinius</span> <span class='ocrx_word' id='word_1_13' title='bbox 395 216 487 254; x_wconf 76' lang='lat' dir='ltr'>Scala,</span> <span class='ocrx_word' id='word_1_14' title='bbox 511 216 582 246; x_wconf 84' lang='lat' dir='ltr'>Mil.</span> <span class='ocrx_word' id='word_1_15' title='bbox 612 220 660 249; x_wconf 84' lang='lat'><strong>17.</strong></span> <span class='ocrx_word' id='word_1_16' title='bbox 684 217 885 256; x_wconf 77' lang='lat' dir='ltr'>Interamnas,</span> <span class='ocrx_word' id='word_1_17' title='bbox 913 216 1005 248; x_wconf 86' lang='lat' dir='ltr'>fami-</span> 
     </span>
     <span class='ocr_line' id='line_1_4' title="bbox 120 255 376 288; baseline 0.016 -4"><span class='ocrx_word' id='word_1_18' title='bbox 120 255 202 285; x_wconf 87' lang='lat' dir='ltr'>liaris</span> <span class='ocrx_word' id='word_1_19' title='bbox 217 256 253 286; x_wconf 89' lang='lat' dir='ltr'>P.</span> <span class='ocrx_word' id='word_1_20' title='bbox 267 257 376 288; x_wconf 89' lang='lat' dir='ltr'>Clodii.</span> 
     </span>
    </p>
   </div>
   <div class='ocr_carea' id='block_1_4' title="bbox 123 299 1035 1754">
    <p class='ocr_par' dir='ltr' id='par_1_4' title="bbox 166 299 601 331">
     <span class='ocr_line' id='line_1_5' title="bbox 166 299 601 331; baseline 0.005 -3"><span class='ocrx_word' id='word_1_21' title='bbox 166 299 281 329; x_wconf 75' lang='lat' dir='ltr'><em>Cassius</em></span> <span class='ocrx_word' id='word_1_22' title='bbox 298 300 406 331; x_wconf 76' lang='lat' dir='ltr'>Barba.</span> <span class='ocrx_word' id='word_1_23' title='bbox 429 300 470 331; x_wconf 89' lang='lat' dir='ltr'>V.</span> <span class='ocrx_word' id='word_1_24' title='bbox 484 303 601 331; x_wconf 64' lang='lat' dir='ltr'>Barba.</span> 
     </span>
    </p>

    <p class='ocr_par' dir='ltr' id='par_1_5' title="bbox 123 343 1014 549">
     <span class='ocr_line' id='line_1_6' title="bbox 167 343 1006 385; baseline 0.006 -14"><span class='ocrx_word' id='word_1_25' title='bbox 167 343 200 372; x_wconf 80' lang='lat' dir='ltr'>C.</span> <span class='ocrx_word' id='word_1_26' title='bbox 227 344 339 373; x_wconf 75' lang='lat' dir='ltr'>Cassius</span> <span class='ocrx_word' id='word_1_27' title='bbox 363 343 533 384; x_wconf 83' lang='lat' dir='ltr'>Longinus,</span> <span class='ocrx_word' id='word_1_28' title='bbox 560 344 654 374; x_wconf 88' lang='lat' dir='ltr'>Dom.</span> <span class='ocrx_word' id='word_1_29' title='bbox 679 347 730 375; x_wconf 81' lang='lat'><strong>50.</strong></span> <span class='ocrx_word' id='word_1_30' title='bbox 754 354 866 375; x_wconf 90' lang='lat' dir='ltr'>censor.</span> <span class='ocrx_word' id='word_1_31' title='bbox 898 345 1006 385; x_wconf 82' lang='lat' dir='ltr'>Hujus</span> 
     </span>
     <span class='ocr_line' id='line_1_7' title="bbox 123 382 1011 426; baseline 0.005 -12"><span class='ocrx_word' id='word_1_32' title='bbox 123 382 161 415; x_wconf 86' lang='lat' dir='ltr'>C.</span> <span class='ocrx_word' id='word_1_33' title='bbox 189 384 285 415; x_wconf 83' lang='lat' dir='ltr'>Cassii</span> <span class='ocrx_word' id='word_1_34' title='bbox 306 386 439 426; x_wconf 75' lang='lat' dir='ltr'>Longini</span> <span class='ocrx_word' id='word_1_35' title='bbox 462 397 587 417; x_wconf 84' lang='lat' dir='ltr'>censura</span> <span class='ocrx_word' id='word_1_36' title='bbox 610 387 716 417; x_wconf 81' lang='lat' dir='ltr'>incidit</span> <span class='ocrx_word' id='word_1_37' title='bbox 737 388 768 417; x_wconf 90' lang='lat' dir='ltr'>in</span> <span class='ocrx_word' id='word_1_38' title='bbox 793 398 909 418; x_wconf 87' lang='lat' dir='ltr'>annum</span> <span class='ocrx_word' id='word_1_39' title='bbox 936 390 1011 420; x_wconf 85' lang='grc'><strong>599.</strong></span> 
     </span>
     <span class='ocr_line' id='line_1_8' title="bbox 123 428 1014 472; baseline 0.003 -14"><span class='ocrx_word' id='word_1_40' title='bbox 123 428 209 458; x_wconf 87' lang='lat' dir='ltr'>Nam</span> <span class='ocrx_word' id='word_1_41' title='bbox 233 429 374 468; x_wconf 75' lang='lat' dir='ltr'>praecedit</span> <span class='ocrx_word' id='word_1_42' title='bbox 394 430 508 460; x_wconf 85' lang='lat' dir='ltr'>mentio</span> <span class='ocrx_word' id='word_1_43' title='bbox 526 430 654 460; x_wconf 87' lang='lat' dir='ltr'>censoris</span> <span class='ocrx_word' id='word_1_44' title='bbox 675 431 716 468; x_wconf 84' lang='lat' dir='ltr'><strong>Q.</strong></span> <span class='ocrx_word' id='word_1_45' title='bbox 739 431 861 467; x_wconf 83' lang='lat' dir='ltr'>Marcii,</span> <span class='ocrx_word' id='word_1_46' title='bbox 881 431 935 472; x_wconf 91' lang='lat' dir='ltr'>qui</span> <span class='ocrx_word' id='word_1_47' title='bbox 957 431 1014 461; x_wconf 90' lang='lat' dir='ltr'>de-</span> 
     </span>
     <span class='ocr_line' id='line_1_9' title="bbox 124 471 1012 510; baseline 0.005 -10"><span class='ocrx_word' id='word_1_48' title='bbox 124 480 190 501; x_wconf 87' lang='lat' dir='ltr'>cem</span> <span class='ocrx_word' id='word_1_49' title='bbox 205 471 291 501; x_wconf 88' lang='lat' dir='ltr'>annis</span> <span class='ocrx_word' id='word_1_50' title='bbox 305 478 386 507; x_wconf 83' lang='lat' dir='ltr'>ante,</span> <span class='ocrx_word' id='word_1_51' title='bbox 404 473 478 510; x_wconf 72' lang='lat'>589,</span> <span class='ocrx_word' id='word_1_52' title='bbox 495 482 597 503; x_wconf 87' lang='lat' dir='ltr'>censor</span> <span class='ocrx_word' id='word_1_53' title='bbox 611 473 679 503; x_wconf 84' lang='lat' dir='ltr'>fuit.</span> <span class='ocrx_word' id='word_1_54' title='bbox 703 473 793 504; x_wconf 71' lang='lat' dir='ltr'>Alius</span> <span class='ocrx_word' id='word_1_55' title='bbox 805 474 927 504; x_wconf 84' lang='lat' dir='ltr'>Cassius</span> <span class='ocrx_word' id='word_1_56' title='bbox 943 483 1012 504; x_wconf 89' lang='lat' dir='ltr'>cen-</span> 
     </span>
     <span class='ocr_line' id='line_1_10' title="bbox 128 513 396 549; baseline 0 -5"><span class='ocrx_word' id='word_1_57' title='bbox 128 523 176 544; x_wconf 90' lang='lat' dir='ltr'>sor</span> <span class='ocrx_word' id='word_1_58' title='bbox 191 513 250 543; x_wconf 82' lang='lat' dir='ltr'>fuit</span> <span class='ocrx_word' id='word_1_59' title='bbox 264 514 306 543; x_wconf 87' lang='lat' dir='ltr'>A.</span> <span class='ocrx_word' id='word_1_60' title='bbox 323 516 396 549; x_wconf 76' lang='lat'><strong>627.</strong></span> 
     </span>
    </p>

    <p class='ocr_par' dir='ltr' id='par_1_6' title="bbox 127 556 1014 678">
     <span class='ocr_line' id='line_1_11' title="bbox 172 556 1013 598; baseline 0.004 -12"><span class='ocrx_word' id='word_1_61' title='bbox 172 556 207 586; x_wconf 89' lang='lat' dir='ltr'>C.</span> <span class='ocrx_word' id='word_1_62' title='bbox 226 557 349 595; x_wconf 56' lang='lat' dir='ltr'>Cassius,</span> <span class='ocrx_word' id='word_1_63' title='bbox 374 558 479 587; x_wconf 90' lang='lat' dir='ltr'>Plane.</span> <span class='ocrx_word' id='word_1_64' title='bbox 495 561 546 588; x_wconf 84' lang='lat'><strong>21.</strong></span> <span class='ocrx_word' id='word_1_65' title='bbox 566 558 598 587; x_wconf 89' lang='lat' dir='ltr'>in</span> <span class='ocrx_word' id='word_1_66' title='bbox 617 558 759 598; x_wconf 87' lang='lat' dir='ltr'>petitione</span> <span class='ocrx_word' id='word_1_67' title='bbox 781 559 950 590; x_wconf 65' lang='lat' dir='ltr'>tribunatus</span> <span class='ocrx_word' id='word_1_68' title='bbox 966 570 1013 590; x_wconf 86' lang='lat' dir='ltr'>re-</span> 
     </span>
     <span class='ocr_line' id='line_1_12' title="bbox 127 600 1014 642; baseline 0.005 -13"><span class='ocrx_word' id='word_1_69' title='bbox 127 600 249 640; x_wconf 84' lang='lat' dir='ltr'><strong>pulsam</strong></span> <span class='ocrx_word' id='word_1_70' title='bbox 265 600 345 630; x_wconf 85' lang='lat' dir='ltr'>tulit.</span> <span class='ocrx_word' id='word_1_71' title='bbox 370 600 487 631; x_wconf 87' lang='lat' dir='ltr'>Consul</span> <span class='ocrx_word' id='word_1_72' title='bbox 496 611 568 631; x_wconf 91' lang='lat' dir='ltr'>cum</span> <span class='ocrx_word' id='word_1_73' title='bbox 581 601 638 631; x_wconf 92' lang='lat' dir='ltr'>Cn.</span> <span class='ocrx_word' id='word_1_74' title='bbox 649 601 788 631; x_wconf 86' lang='lat' dir='ltr'>Domitio</span> <span class='ocrx_word' id='word_1_75' title='bbox 799 602 1014 642; x_wconf 83' lang='lat' dir='ltr'>Ahenobarbo,</span> 
     </span>
     <span class='ocr_line' id='line_1_13' title="bbox 129 641 320 678; baseline 0.005 -7"><span class='ocrx_word' id='word_1_76' title='bbox 129 642 173 672; x_wconf 76' lang='lat' dir='ltr'>A.</span> <span class='ocrx_word' id='word_1_77' title='bbox 191 642 231 672; x_wconf 92' lang='lat' dir='ltr'>U.</span> <span class='ocrx_word' id='word_1_78' title='bbox 248 641 320 678; x_wconf 69' lang='lat'><strong>6:27.</strong></span> 
     </span>
    </p>

    <p class='ocr_par' dir='ltr' id='par_1_7' title="bbox 130 684 1021 1025">
     <span class='ocr_line' id='line_1_14' title="bbox 175 684 1018 726; baseline 0.004 -12"><span class='ocrx_word' id='word_1_79' title='bbox 175 684 208 714; x_wconf 91' lang='lat' dir='ltr'>C.</span> <span class='ocrx_word' id='word_1_80' title='bbox 226 685 353 723; x_wconf 53' lang='lat' dir='ltr'>Cosmus,</span> <span class='ocrx_word' id='word_1_81' title='bbox 377 685 490 720; x_wconf 83' lang='lat' dir='ltr'>Varus,</span> <span class='ocrx_word' id='word_1_82' title='bbox 510 685 563 726; x_wconf 88' lang='lat' dir='ltr'>qui</span> <span class='ocrx_word' id='word_1_83' title='bbox 587 687 692 716; x_wconf 90' lang='lat' dir='ltr'>consul</span> <span class='ocrx_word' id='word_1_84' title='bbox 710 686 769 716; x_wconf 88' lang='lat' dir='ltr'>fuit</span> <span class='ocrx_word' id='word_1_85' title='bbox 791 697 862 717; x_wconf 89' lang='lat' dir='ltr'>cum</span> <span class='ocrx_word' id='word_1_86' title='bbox 883 687 931 717; x_wconf 87' lang='lat' dir='ltr'>M.</span> <span class='ocrx_word' id='word_1_87' title='bbox 954 687 1018 718; x_wconf 89' lang='lat' dir='ltr'>Te-</span> 
     </span>
     <span class='ocr_line' id='line_1_15' title="bbox 130 727 1019 768; baseline 0.003 -11"><span class='ocrx_word' id='word_1_88' title='bbox 130 727 227 758; x_wconf 87' lang='lat' dir='ltr'>rentio</span> <span class='ocrx_word' id='word_1_89' title='bbox 253 728 389 758; x_wconf 80' lang='lat' dir='ltr'>Varrone</span> <span class='ocrx_word' id='word_1_90' title='bbox 410 729 552 767; x_wconf 84' lang='lat' dir='ltr'>Lucullo,</span> <span class='ocrx_word' id='word_1_91' title='bbox 572 739 631 758; x_wconf 91' lang='lat' dir='ltr'>non</span> <span class='ocrx_word' id='word_1_92' title='bbox 654 729 692 758; x_wconf 79' lang='lat' dir='ltr'><strong>L.</strong></span> <span class='ocrx_word' id='word_1_93' title='bbox 714 730 826 768; x_wconf 80' lang='lat' dir='ltr'>Gellio,</span> <span class='ocrx_word' id='word_1_94' title='bbox 845 735 880 759; x_wconf 90' lang='lat' dir='ltr'>ut</span> <span class='ocrx_word' id='word_1_95' title='bbox 902 730 1019 760; x_wconf 88' lang='lat' dir='ltr'>Manu-</span> 
     </span>
     <span class='ocr_line' id='line_1_16' title="bbox 131 771 1018 813; baseline 0.002 -13"><span class='ocrx_word' id='word_1_96' title='bbox 131 771 193 800; x_wconf 85' lang='lat' dir='ltr'>tius</span> <span class='ocrx_word' id='word_1_97' title='bbox 219 771 257 801; x_wconf 88' lang='lat' dir='ltr'>ad</span> <span class='ocrx_word' id='word_1_98' title='bbox 277 771 333 801; x_wconf 90' lang='lat' dir='ltr'>Or.</span> <span class='ocrx_word' id='word_1_99' title='bbox 355 781 409 811; x_wconf 90' lang='lat' dir='ltr'>pro</span> <span class='ocrx_word' id='word_1_100' title='bbox 431 771 537 801; x_wconf 87' lang='lat' dir='ltr'>Rabir.</span> <span class='ocrx_word' id='word_1_101' title='bbox 560 772 649 802; x_wconf 90' lang='lat' dir='ltr'>Perd.</span> <span class='ocrx_word' id='word_1_102' title='bbox 671 782 736 813; x_wconf 87' lang='lat' dir='ltr'>cap.</span> <span class='ocrx_word' id='word_1_103' title='bbox 758 773 789 808; x_wconf 83' lang='grc'>7.</span> <span class='ocrx_word' id='word_1_104' title='bbox 808 772 919 802; x_wconf 81' lang='lat' dir='ltr'>tradit:</span> <span class='ocrx_word' id='word_1_105' title='bbox 944 782 1018 803; x_wconf 87' lang='lat' dir='ltr'>nam</span> 
     </span>
     <span class='ocr_line' id='line_1_17' title="bbox 134 813 1019 856; baseline 0.003 -14"><span class='ocrx_word' id='word_1_106' title='bbox 134 813 253 843; x_wconf 77' lang='lat' dir='ltr'>Gellius</span> <span class='ocrx_word' id='word_1_107' title='bbox 271 823 351 843; x_wconf 86' lang='lat' dir='ltr'>anno</span> <span class='ocrx_word' id='word_1_108' title='bbox 366 821 434 854; x_wconf 91' lang='lat' dir='ltr'>post</span> <span class='ocrx_word' id='word_1_109' title='bbox 454 814 558 844; x_wconf 88' lang='lat' dir='ltr'>consul</span> <span class='ocrx_word' id='word_1_110' title='bbox 578 814 646 844; x_wconf 90' lang='lat' dir='ltr'>fuit.</span> <span class='ocrx_word' id='word_1_111' title='bbox 670 815 708 844; x_wconf 65' lang='grc' dir='ltr'>Ι..</span> <span class='ocrx_word' id='word_1_112' title='bbox 731 815 844 845; x_wconf 86' lang='lat' dir='ltr'>Manil.</span> <span class='ocrx_word' id='word_1_113' title='bbox 866 819 919 846; x_wconf 77' lang='lat'><strong>23.</strong></span> <span class='ocrx_word' id='word_1_114' title='bbox 939 815 1019 856; x_wconf 85' lang='lat' dir='ltr'>Legi</span> 
     </span>
     <span class='ocr_line' id='line_1_18' title="bbox 134 855 1021 895; baseline 0.003 -10"><span class='ocrx_word' id='word_1_115' title='bbox 134 855 276 886; x_wconf 74' lang='lat' dir='ltr'>Maniliae</span> <span class='ocrx_word' id='word_1_116' title='bbox 293 856 383 887; x_wconf 89' lang='lat' dir='ltr'>favet.</span> <span class='ocrx_word' id='word_1_117' title='bbox 408 856 531 888; x_wconf 85' lang='lat' dir='ltr'>Cluent.</span> <span class='ocrx_word' id='word_1_118' title='bbox 555 858 606 888; x_wconf 73' lang='lat'>49.</span> <span class='ocrx_word' id='word_1_119' title='bbox 632 857 718 887; x_wconf 90' lang='lat' dir='ltr'>Verr.</span> <span class='ocrx_word' id='word_1_120' title='bbox 740 857 785 895; x_wconf 92' lang='lat' dir='ltr'>II,</span> <span class='ocrx_word' id='word_1_121' title='bbox 811 862 863 888; x_wconf 80' lang='lat'><strong>23.</strong></span> <span class='ocrx_word' id='word_1_122' title='bbox 883 858 916 888; x_wconf 87' lang='lat' dir='ltr'>in</span> <span class='ocrx_word' id='word_1_123' title='bbox 931 858 962 889; x_wconf 90' lang='lat' dir='ltr'>V</span> <span class='ocrx_word' id='word_1_124' title='bbox 964 868 1021 888; x_wconf 88' lang='lat' dir='ltr'>err.</span> 
     </span>
     <span class='ocr_line' id='line_1_19' title="bbox 134 899 1021 942; baseline 0.002 -13"><span class='ocrx_word' id='word_1_125' title='bbox 134 899 196 936; x_wconf 86' lang='lat' dir='ltr'>IV,</span> <span class='ocrx_word' id='word_1_126' title='bbox 220 903 271 930; x_wconf 85' lang='lat'><strong>41.</strong></span> <span class='ocrx_word' id='word_1_127' title='bbox 287 899 391 929; x_wconf 88' lang='lat' dir='ltr'>consul</span> <span class='ocrx_word' id='word_1_128' title='bbox 406 903 448 929; x_wconf 88' lang='lat' dir='ltr'>A.</span> <span class='ocrx_word' id='word_1_129' title='bbox 465 900 505 930; x_wconf 91' lang='lat' dir='ltr'>U.</span> <span class='ocrx_word' id='word_1_130' title='bbox 518 900 592 935; x_wconf 81' lang='lat'>630,</span> <span class='ocrx_word' id='word_1_131' title='bbox 608 901 708 941; x_wconf 87' lang='lat' dir='ltr'>primo</span> <span class='ocrx_word' id='word_1_132' title='bbox 723 910 802 931; x_wconf 88' lang='lat' dir='ltr'>anno</span> <span class='ocrx_word' id='word_1_133' title='bbox 817 907 958 942; x_wconf 85' lang='lat' dir='ltr'>praeturae</span> <span class='ocrx_word' id='word_1_134' title='bbox 973 901 1021 931; x_wconf 82' lang='lat' dir='ltr'>Si-</span> 
     </span>
     <span class='ocr_line' id='line_1_20' title="bbox 134 941 1021 983; baseline 0.001 -10"><span class='ocrx_word' id='word_1_135' title='bbox 134 941 210 973; x_wconf 83' lang='lat' dir='ltr'>culae</span> <span class='ocrx_word' id='word_1_136' title='bbox 235 942 348 973; x_wconf 88' lang='lat' dir='ltr'>Verris.</span> <span class='ocrx_word' id='word_1_137' title='bbox 372 942 463 972; x_wconf 84' lang='lat' dir='ltr'>Forte</span> <span class='ocrx_word' id='word_1_138' title='bbox 486 943 535 973; x_wconf 85' lang='lat' dir='ltr'>hic</span> <span class='ocrx_word' id='word_1_139' title='bbox 559 949 602 973; x_wconf 86' lang='lat' dir='ltr'>est</span> <span class='ocrx_word' id='word_1_140' title='bbox 626 949 709 983; x_wconf 83' lang='lat' dir='ltr'>pater</span> <span class='ocrx_word' id='word_1_141' title='bbox 733 944 826 974; x_wconf 90' lang='lat' dir='ltr'>trium</span> <span class='ocrx_word' id='word_1_142' title='bbox 847 943 1021 974; x_wconf 87' lang='lat' dir='ltr'>Cassiorum</span> 
     </span>
     <span class='ocr_line' id='line_1_21' title="bbox 136 984 753 1025; baseline 0.002 -10"><span class='ocrx_word' id='word_1_143' title='bbox 136 984 172 1015; x_wconf 90' lang='lat' dir='ltr'>C.</span> <span class='ocrx_word' id='word_1_144' title='bbox 190 986 228 1015; x_wconf 84' lang='lat' dir='ltr'><strong>L.</strong></span> <span class='ocrx_word' id='word_1_145' title='bbox 245 991 275 1015; x_wconf 87' lang='lat' dir='ltr'>et</span> <span class='ocrx_word' id='word_1_146' title='bbox 289 985 330 1022; x_wconf 85' lang='lat' dir='ltr'><strong>Q.</strong></span> <span class='ocrx_word' id='word_1_147' title='bbox 347 985 401 1025; x_wconf 90' lang='lat' dir='ltr'>qui</span> <span class='ocrx_word' id='word_1_148' title='bbox 416 985 524 1015; x_wconf 85' lang='lat' dir='ltr'>diserte</span> <span class='ocrx_word' id='word_1_149' title='bbox 539 995 599 1015; x_wconf 92' lang='lat' dir='ltr'>non</span> <span class='ocrx_word' id='word_1_150' title='bbox 616 986 753 1016; x_wconf 85' lang='lat' dir='ltr'>traditur.</span> 
     </span>
    </p>

    <p class='ocr_par' dir='ltr' id='par_1_8' title="bbox 137 1028 1035 1614">
     <span class='ocr_line' id='line_1_22' title="bbox 182 1028 1021 1070; baseline 0.001 -12"><span class='ocrx_word' id='word_1_151' title='bbox 182 1029 214 1058; x_wconf 84' lang='lat' dir='ltr'><strong>C.</strong></span> <span class='ocrx_word' id='word_1_152' title='bbox 231 1029 356 1065; x_wconf 75' lang='lat' dir='ltr'>Casstus,</span> <span class='ocrx_word' id='word_1_153' title='bbox 379 1028 470 1057; x_wconf 88' lang='lat' dir='ltr'>frater</span> <span class='ocrx_word' id='word_1_154' title='bbox 482 1028 522 1065; x_wconf 89' lang='lat' dir='ltr'><strong>Q.</strong></span> <span class='ocrx_word' id='word_1_155' title='bbox 534 1028 640 1065; x_wconf 88' lang='lat' dir='ltr'>Cassii,</span> <span class='ocrx_word' id='word_1_156' title='bbox 654 1029 720 1059; x_wconf 87' lang='lat' dir='ltr'>Att.</span> <span class='ocrx_word' id='word_1_157' title='bbox 737 1029 779 1065; x_wconf 92' lang='lat' dir='ltr'>V,</span> <span class='ocrx_word' id='word_1_158' title='bbox 796 1031 848 1059; x_wconf 83' lang='lat'><strong>21.</strong></span> <span class='ocrx_word' id='word_1_159' title='bbox 866 1029 920 1070; x_wconf 89' lang='lat' dir='ltr'>(ad</span> <span class='ocrx_word' id='word_1_160' title='bbox 929 1039 1021 1070; x_wconf 87' lang='lat' dir='ltr'>quem</span> 
     </span>
     <span class='ocr_line' id='line_1_23' title="bbox 137 1069 1026 1113; baseline 0.001 -12"><span class='ocrx_word' id='word_1_161' title='bbox 137 1076 209 1101; x_wconf 88' lang='lat' dir='ltr'>sunt</span> <span class='ocrx_word' id='word_1_162' title='bbox 223 1070 356 1111; x_wconf 87' lang='lat' dir='ltr'>epistolae</span> <span class='ocrx_word' id='word_1_163' title='bbox 379 1069 542 1107; x_wconf 76' lang='lat' dir='ltr'>Ciceronis,</span> <span class='ocrx_word' id='word_1_164' title='bbox 560 1071 680 1101; x_wconf 88' lang='lat' dir='ltr'>Divers.</span> <span class='ocrx_word' id='word_1_165' title='bbox 705 1071 786 1107; x_wconf 85' lang='lat' dir='ltr'>XII,</span> <span class='ocrx_word' id='word_1_166' title='bbox 803 1078 832 1102; x_wconf 91' lang='lat' dir='ltr'>et</span> <span class='ocrx_word' id='word_1_167' title='bbox 845 1072 940 1113; x_wconf 86' lang='lat' dir='ltr'>ipsius</span> <span class='ocrx_word' id='word_1_168' title='bbox 955 1072 1026 1102; x_wconf 86' lang='lat' dir='ltr'>duae</span> 
     </span>
     <span class='ocr_line' id='line_1_24' title="bbox 137 1113 1025 1153; baseline 0.001 -10"><span class='ocrx_word' id='word_1_169' title='bbox 137 1113 212 1143; x_wconf 86' lang='lat' dir='ltr'>ibid.</span> <span class='ocrx_word' id='word_1_170' title='bbox 244 1117 290 1144; x_wconf 90' lang='lat' dir='ltr'>ll.</span> <span class='ocrx_word' id='word_1_171' title='bbox 320 1116 383 1149; x_wconf 84' lang='lat'><strong>12.)</strong></span> <span class='ocrx_word' id='word_1_172' title='bbox 408 1113 444 1149; x_wconf 86' lang='lat' dir='ltr'>is,</span> <span class='ocrx_word' id='word_1_173' title='bbox 463 1113 517 1153; x_wconf 84' lang='lat' dir='ltr'>qui</span> <span class='ocrx_word' id='word_1_174' title='bbox 538 1113 689 1144; x_wconf 83' lang='lat' dir='ltr'>Caesarem</span> <span class='ocrx_word' id='word_1_175' title='bbox 709 1114 866 1144; x_wconf 86' lang='lat' dir='ltr'>interfecit.</span> <span class='ocrx_word' id='word_1_176' title='bbox 892 1114 930 1144; x_wconf 87' lang='lat' dir='ltr'>ad</span> <span class='ocrx_word' id='word_1_177' title='bbox 951 1114 1025 1145; x_wconf 87' lang='lat' dir='ltr'>Div.</span> 
     </span>
     <span class='ocr_line' id='line_1_25' title="bbox 139 1154 1028 1198; baseline 0.003 -13"><span class='ocrx_word' id='word_1_178' title='bbox 139 1155 202 1194; x_wconf 87' lang='lat' dir='ltr'>VI,</span> <span class='ocrx_word' id='word_1_179' title='bbox 228 1157 257 1186; x_wconf 81' lang='lat'><strong>6.</strong></span> <span class='ocrx_word' id='word_1_180' title='bbox 282 1156 399 1195; x_wconf 85' lang='lat' dir='ltr'>legatus</span> <span class='ocrx_word' id='word_1_181' title='bbox 426 1154 563 1186; x_wconf 86' lang='lat' dir='ltr'>Caesaris.</span> <span class='ocrx_word' id='word_1_182' title='bbox 590 1156 621 1186; x_wconf 85' lang='lat' dir='ltr'>V</span> <span class='ocrx_word' id='word_1_183' title='bbox 624 1155 671 1193; x_wconf 80' lang='lat'>11,</span> <span class='ocrx_word' id='word_1_184' title='bbox 695 1157 748 1186; x_wconf 86' lang='lat'><strong>33.</strong></span> <span class='ocrx_word' id='word_1_185' title='bbox 771 1156 920 1188; x_wconf 86' lang='lat' dir='ltr'>declamat</span> <span class='ocrx_word' id='word_1_186' title='bbox 945 1157 1028 1198; x_wconf 87' lang='lat' dir='ltr'>apud</span> 
     </span>
     <span class='ocr_line' id='line_1_26' title="bbox 140 1197 1027 1239; baseline 0.001 -10"><span class='ocrx_word' id='word_1_187' title='bbox 140 1197 329 1230; x_wconf 90' lang='lat' dir='ltr'>Ciceronem.</span> <span class='ocrx_word' id='word_1_188' title='bbox 364 1197 463 1235; x_wconf 85' lang='lat' dir='ltr'>VIII,</span> <span class='ocrx_word' id='word_1_189' title='bbox 493 1202 539 1228; x_wconf 95' lang='lat' dir='ltr'>lO.</span> <span class='ocrx_word' id='word_1_190' title='bbox 567 1205 699 1239; x_wconf 76' lang='lat' dir='ltr'>quaestor</span> <span class='ocrx_word' id='word_1_191' title='bbox 723 1199 771 1229; x_wconf 82' lang='lat' dir='ltr'>M.</span> <span class='ocrx_word' id='word_1_192' title='bbox 799 1200 900 1230; x_wconf 87' lang='lat' dir='ltr'>Crassi</span> <span class='ocrx_word' id='word_1_193' title='bbox 923 1206 1027 1230; x_wconf 85' lang='lat' dir='ltr'>contra</span> 
     </span>
     <span class='ocr_line' id='line_1_27' title="bbox 139 1241 1030 1282; baseline 0.001 -11"><span class='ocrx_word' id='word_1_194' title='bbox 139 1241 270 1272; x_wconf 84' lang='lat' dir='ltr'>Parthos</span> <span class='ocrx_word' id='word_1_195' title='bbox 284 1242 459 1281; x_wconf 87' lang='lat' dir='ltr'>pugnantis,</span> <span class='ocrx_word' id='word_1_196' title='bbox 477 1241 585 1272; x_wconf 87' lang='lat' dir='ltr'>Crasso</span> <span class='ocrx_word' id='word_1_197' title='bbox 600 1242 766 1277; x_wconf 83' lang='lat' dir='ltr'>interfecto,</span> <span class='ocrx_word' id='word_1_198' title='bbox 787 1242 929 1282; x_wconf 84' lang='lat' dir='ltr'>reliquias</span> <span class='ocrx_word' id='word_1_199' title='bbox 945 1252 1030 1272; x_wconf 86' lang='lat' dir='ltr'>exer-</span> 
     </span>
     <span class='ocr_line' id='line_1_28' title="bbox 141 1284 1026 1325; baseline 0.001 -11"><span class='ocrx_word' id='word_1_200' title='bbox 141 1284 217 1314; x_wconf 69' lang='lat' dir='ltr'>citus</span> <span class='ocrx_word' id='word_1_201' title='bbox 233 1284 361 1324; x_wconf 83' lang='lat' dir='ltr'>collegit.</span> <span class='ocrx_word' id='word_1_202' title='bbox 377 1284 454 1322; x_wconf 86' lang='lat' dir='ltr'>XV,</span> <span class='ocrx_word' id='word_1_203' title='bbox 476 1286 523 1314; x_wconf 78' lang='lat'>14.</span> <span class='ocrx_word' id='word_1_204' title='bbox 546 1291 732 1325; x_wconf 87' lang='lat' dir='ltr'>proquaestor</span> <span class='ocrx_word' id='word_1_205' title='bbox 751 1285 800 1314; x_wconf 88' lang='lat' dir='ltr'><strong>M.</strong></span> <span class='ocrx_word' id='word_1_206' title='bbox 821 1284 932 1315; x_wconf 80' lang='lat' dir='ltr'>Crassi.</span> <span class='ocrx_word' id='word_1_207' title='bbox 948 1285 1026 1323; x_wconf 90' lang='lat' dir='ltr'>XV,</span> 
     </span>
     <span class='ocr_line' id='line_1_29' title="bbox 145 1326 1030 1368; baseline 0.002 -12"><span class='ocrx_word' id='word_1_208' title='bbox 145 1330 195 1357; x_wconf 85' lang='lat'><strong>16.</strong></span> <span class='ocrx_word' id='word_1_209' title='bbox 220 1326 389 1367; x_wconf 87' lang='lat' dir='ltr'>Epicureus</span> <span class='ocrx_word' id='word_1_210' title='bbox 413 1327 457 1356; x_wconf 86' lang='lat' dir='ltr'>fit.</span> <span class='ocrx_word' id='word_1_211' title='bbox 482 1327 566 1357; x_wconf 88' lang='lat' dir='ltr'>Nam</span> <span class='ocrx_word' id='word_1_212' title='bbox 588 1327 693 1358; x_wconf 88' lang='lat' dir='ltr'>Cicero</span> <span class='ocrx_word' id='word_1_213' title='bbox 710 1327 876 1368; x_wconf 83' lang='lat' dir='ltr'>Epicureos</span> <span class='ocrx_word' id='word_1_214' title='bbox 896 1327 1030 1368; x_wconf 79' lang='lat' dir='ltr'>appellat</span> 
     </span>
     <span class='ocr_line' id='line_1_30' title="bbox 143 1370 1029 1411; baseline 0.001 -12"><span class='ocrx_word' id='word_1_215' title='bbox 143 1370 208 1408; x_wconf 89' lang='lat' dir='ltr'>ejus</span> <span class='ocrx_word' id='word_1_216' title='bbox 224 1379 316 1399; x_wconf 89' lang='lat' dir='ltr'>novos</span> <span class='ocrx_word' id='word_1_217' title='bbox 331 1370 452 1400; x_wconf 86' lang='lat' dir='ltr'>amicos.</span> <span class='ocrx_word' id='word_1_218' title='bbox 469 1370 545 1406; x_wconf 82' lang='lat' dir='ltr'>XV,</span> <span class='ocrx_word' id='word_1_219' title='bbox 567 1372 613 1401; x_wconf 84' lang='lat'>19.</span> <span class='ocrx_word' id='word_1_220' title='bbox 637 1371 823 1408; x_wconf 86' lang='lat' dir='ltr'>Ciceronem,</span> <span class='ocrx_word' id='word_1_221' title='bbox 840 1371 1029 1411; x_wconf 88' lang='lat' dir='ltr'>Epicureum</span> 
     </span>
     <span class='ocr_line' id='line_1_31' title="bbox 145 1412 1032 1453; baseline 0.002 -12"><span class='ocrx_word' id='word_1_222' title='bbox 145 1412 270 1442; x_wconf 84' lang='lat' dir='ltr'>Catium</span> <span class='ocrx_word' id='word_1_223' title='bbox 294 1418 416 1452; x_wconf 90' lang='lat' dir='ltr'>propter</span> <span class='ocrx_word' id='word_1_224' title='bbox 430 1413 548 1442; x_wconf 84' lang='lat' dir='ltr'>malum</span> <span class='ocrx_word' id='word_1_225' title='bbox 564 1412 683 1443; x_wconf 87' lang='lat' dir='ltr'>dicendi</span> <span class='ocrx_word' id='word_1_226' title='bbox 698 1423 793 1453; x_wconf 88' lang='lat' dir='ltr'>genus</span> <span class='ocrx_word' id='word_1_227' title='bbox 808 1413 967 1450; x_wconf 85' lang='lat' dir='ltr'>ridentem,</span> <span class='ocrx_word' id='word_1_228' title='bbox 984 1413 1032 1442; x_wconf 90' lang='lat' dir='ltr'>ul-</span> 
     </span>
     <span class='ocr_line' id='line_1_32' title="bbox 143 1454 1034 1496; baseline 0.001 -12"><span class='ocrx_word' id='word_1_229' title='bbox 143 1454 264 1485; x_wconf 86' lang='lat' dir='ltr'>ciscitur</span> <span class='ocrx_word' id='word_1_230' title='bbox 287 1454 347 1485; x_wconf 89' lang='lat' dir='ltr'>acri</span> <span class='ocrx_word' id='word_1_231' title='bbox 371 1455 507 1495; x_wconf 64' lang='lat' dir='ltr'>epistola.</span> <span class='ocrx_word' id='word_1_232' title='bbox 531 1455 597 1485; x_wconf 87' lang='lat' dir='ltr'>Att.</span> <span class='ocrx_word' id='word_1_233' title='bbox 618 1456 701 1491; x_wconf 90' lang='lat' dir='ltr'>VII,</span> <span class='ocrx_word' id='word_1_234' title='bbox 721 1459 772 1486; x_wconf 78' lang='lat'><strong>21.</strong></span> <span class='ocrx_word' id='word_1_235' title='bbox 794 1456 862 1486; x_wconf 86' lang='lat' dir='ltr'>trib.</span> <span class='ocrx_word' id='word_1_236' title='bbox 880 1456 923 1496; x_wconf 91' lang='lat' dir='ltr'>pl.</span> <span class='ocrx_word' id='word_1_237' title='bbox 947 1455 1034 1485; x_wconf 88' lang='lat' dir='ltr'>initio</span> 
     </span>
     <span class='ocr_line' id='line_1_33' title="bbox 147 1497 1035 1539; baseline 0.002 -13"><span class='ocrx_word' id='word_1_238' title='bbox 147 1497 220 1527; x_wconf 87' lang='lat' dir='ltr'>belli</span> <span class='ocrx_word' id='word_1_239' title='bbox 235 1497 329 1527; x_wconf 88' lang='lat' dir='ltr'>civilis</span> <span class='ocrx_word' id='word_1_240' title='bbox 345 1497 509 1528; x_wconf 81' lang='lat' dir='ltr'>Caesariani</span> <span class='ocrx_word' id='word_1_241' title='bbox 522 1498 660 1539; x_wconf 86' lang='lat' dir='ltr'>Capuam</span> <span class='ocrx_word' id='word_1_242' title='bbox 673 1499 754 1528; x_wconf 84' lang='lat' dir='ltr'>venit</span> <span class='ocrx_word' id='word_1_243' title='bbox 768 1498 807 1528; x_wconf 90' lang='lat' dir='ltr'>ad</span> <span class='ocrx_word' id='word_1_244' title='bbox 820 1499 967 1534; x_wconf 87' lang='lat' dir='ltr'>consules,</span> <span class='ocrx_word' id='word_1_245' title='bbox 980 1497 1035 1538; x_wconf 90' lang='lat' dir='ltr'>qui</span> 
     </span>
     <span class='ocr_line' id='line_1_34' title="bbox 147 1540 1035 1582; baseline 0.002 -14"><span class='ocrx_word' id='word_1_246' title='bbox 147 1549 185 1569; x_wconf 88' lang='lat' dir='ltr'>ex</span> <span class='ocrx_word' id='word_1_247' title='bbox 200 1541 275 1569; x_wconf 90' lang='lat' dir='ltr'>urbe</span> <span class='ocrx_word' id='word_1_248' title='bbox 290 1540 441 1580; x_wconf 83' lang='lat' dir='ltr'>fugerant,</span> <span class='ocrx_word' id='word_1_249' title='bbox 462 1547 498 1571; x_wconf 85' lang='lat' dir='ltr'>ut</span> <span class='ocrx_word' id='word_1_250' title='bbox 512 1541 647 1571; x_wconf 88' lang='lat' dir='ltr'>Romam</span> <span class='ocrx_word' id='word_1_251' title='bbox 666 1541 808 1580; x_wconf 87' lang='lat' dir='ltr'>redirent,</span> <span class='ocrx_word' id='word_1_252' title='bbox 825 1547 855 1571; x_wconf 89' lang='lat' dir='ltr'>et</span> <span class='ocrx_word' id='word_1_253' title='bbox 873 1541 1035 1582; x_wconf 86' lang='lat' dir='ltr'>pecuniam</span> 
     </span>
     <span class='ocr_line' id='line_1_35' title="bbox 149 1582 636 1614; baseline 0.004 -2"><span class='ocrx_word' id='word_1_254' title='bbox 149 1582 186 1612; x_wconf 82' lang='lat' dir='ltr'>de</span> <span class='ocrx_word' id='word_1_255' title='bbox 202 1582 339 1612; x_wconf 84' lang='lat' dir='ltr'>sanctiori</span> <span class='ocrx_word' id='word_1_256' title='bbox 355 1584 459 1613; x_wconf 73' lang='lat' dir='ltr'>aerario</span> <span class='ocrx_word' id='word_1_257' title='bbox 474 1584 636 1614; x_wconf 85' lang='lat' dir='ltr'>auferrent.</span> 
     </span>
    </p>

    <p class='ocr_par' dir='ltr' id='par_1_9' title="bbox 149 1625 1035 1754">
     <span class='ocr_line' id='line_1_36' title="bbox 192 1625 1035 1667; baseline 0.002 -12"><span class='ocrx_word' id='word_1_258' title='bbox 192 1626 232 1655; x_wconf 90' lang='lat' dir='ltr'><strong>L.</strong></span> <span class='ocrx_word' id='word_1_259' title='bbox 251 1626 379 1662; x_wconf 72' lang='lat' dir='ltr'>Cassius,</span> <span class='ocrx_word' id='word_1_260' title='bbox 404 1626 508 1656; x_wconf 83' lang='lat' dir='ltr'>Plane.</span> <span class='ocrx_word' id='word_1_261' title='bbox 522 1628 572 1656; x_wconf 71' lang='lat'>24.</span> <span class='ocrx_word' id='word_1_262' title='bbox 585 1627 765 1664; x_wconf 85' lang='lat' dir='ltr'>adolescens,</span> <span class='ocrx_word' id='word_1_263' title='bbox 778 1626 960 1667; x_wconf 89' lang='lat' dir='ltr'>subscriptor</span> <span class='ocrx_word' id='word_1_264' title='bbox 972 1625 1035 1657; x_wconf 85' lang='lat' dir='ltr'>La-</span> 
     </span>
     <span class='ocr_line' id='line_1_37' title="bbox 150 1668 1032 1708; baseline 0.001 -11"><span class='ocrx_word' id='word_1_265' title='bbox 150 1668 274 1698; x_wconf 86' lang='lat' dir='ltr'>terensis</span> <span class='ocrx_word' id='word_1_266' title='bbox 315 1674 418 1698; x_wconf 88' lang='lat' dir='ltr'>contra</span> <span class='ocrx_word' id='word_1_267' title='bbox 455 1668 628 1708; x_wconf 86' lang='lat' dir='ltr'>Plancium,</span> <span class='ocrx_word' id='word_1_268' title='bbox 678 1669 835 1700; x_wconf 80' lang='lat' dir='ltr'>familiaris</span> <span class='ocrx_word' id='word_1_269' title='bbox 869 1668 1032 1700; x_wconf 88' lang='lat' dir='ltr'>Ciceronis.</span> 
     </span>
     <span class='ocr_line' id='line_1_38' title="bbox 149 1709 1032 1754; baseline 0 -12"><span class='ocrx_word' id='word_1_270' title='bbox 149 1710 230 1742; x_wconf 87' lang='lat' dir='ltr'>Phil.</span> <span class='ocrx_word' id='word_1_271' title='bbox 247 1709 293 1749; x_wconf 87' lang='lat'>11,</span> <span class='ocrx_word' id='word_1_272' title='bbox 314 1712 361 1742; x_wconf 74' lang='lat'><strong>14.</strong></span> <span class='ocrx_word' id='word_1_273' title='bbox 377 1711 404 1742; x_wconf 88' lang='lat' dir='ltr'>ei</span> <span class='ocrx_word' id='word_1_274' title='bbox 419 1711 571 1752; x_wconf 85' lang='lat' dir='ltr'>provincia</span> <span class='ocrx_word' id='word_1_275' title='bbox 582 1712 672 1743; x_wconf 89' lang='lat' dir='ltr'>datur</span> <span class='ocrx_word' id='word_1_276' title='bbox 683 1718 750 1754; x_wconf 89' lang='lat' dir='ltr'>post</span> <span class='ocrx_word' id='word_1_277' title='bbox 764 1712 878 1744; x_wconf 83' lang='lat' dir='ltr'>caedem</span> <span class='ocrx_word' id='word_1_278' title='bbox 892 1711 1032 1750; x_wconf 74' lang='lat' dir='ltr'>Caesaris,</span> 
     </span>
    </p>
   </div>
  </div>
 </body>
</html>
