<?xml version="1.0" encoding="UTF-8"?>
<!DOCTYPE html PUBLIC "-//W3C//DTD XHTML 1.0 Transitional//EN"
    "http://www.w3.org/TR/xhtml1/DTD/xhtml1-transitional.dtd">
<html xmlns="http://www.w3.org/1999/xhtml" xml:lang="en" lang="en">
 <head>
  <title>
</title>
<meta http-equiv="Content-Type" content="text/html;charset=utf-8" />
  <meta name='ocr-system' content='tesseract 3.04.00' />
  <meta name='ocr-capabilities' content='ocr_page ocr_carea ocr_par ocr_line ocrx_word'/>
</head>
<body>
  <div class='ocr_page' id='page_1' title='image "./operaern12ciceuoft_0411.png"; bbox 0 0 1137 1848; ppageno 0'>
   <div class='ocr_carea' id='block_1_1' title="bbox 284 79 966 114">
    <p class='ocr_par' dir='ltr' id='par_1_1' title="bbox 284 79 966 114">
     <span class='ocr_line' id='line_1_1' title="bbox 284 79 966 114; baseline 0.004 -4"><span class='ocrx_word' id='word_1_1' title='bbox 284 79 434 111; x_wconf 87' lang='lat' dir='ltr'>INDEX</span> <span class='ocrx_word' id='word_1_2' title='bbox 457 80 747 114; x_wconf 87' lang='lat' dir='ltr'><strong>HISTORICUS.</strong></span> <span class='ocrx_word' id='word_1_3' title='bbox 903 82 966 114; x_wconf 80' lang='lat'>399</span> 
     </span>
    </p>
   </div>
   <div class='ocr_carea' id='block_1_2' title="bbox 69 164 966 293">
    <p class='ocr_par' dir='ltr' id='par_1_2' title="bbox 69 164 966 293">
     <span class='ocr_line' id='line_1_2' title="bbox 70 164 966 209; baseline 0.003 -14"><span class='ocrx_word' id='word_1_4' title='bbox 70 164 205 206; x_wconf 86' lang='lat' dir='ltr'><strong>disponit</strong></span> <span class='ocrx_word' id='word_1_5' title='bbox 224 170 254 196; x_wconf 87' lang='lat' dir='ltr'>et</span> <span class='ocrx_word' id='word_1_6' title='bbox 274 166 408 197; x_wconf 83' lang='lat' dir='ltr'><strong>collocat.</strong></span> <span class='ocrx_word' id='word_1_7' title='bbox 427 165 511 205; x_wconf 89' lang='lat' dir='ltr'>XII,</span> <span class='ocrx_word' id='word_1_8' title='bbox 528 167 559 197; x_wconf 77' lang='lat'>6.</span> <span class='ocrx_word' id='word_1_9' title='bbox 585 174 766 209; x_wconf 83' lang='lat' dir='ltr'>argumenta</span> <span class='ocrx_word' id='word_1_10' title='bbox 786 167 966 209; x_wconf 85' lang='lat' dir='ltr'>scriptorum</span> 
     </span>
     <span class='ocr_line' id='line_1_3' title="bbox 69 207 964 251; baseline 0.002 -13"><span class='ocrx_word' id='word_1_11' title='bbox 69 207 275 248; x_wconf 84' lang='lat' dir='ltr'>Tyrannionis</span> <span class='ocrx_word' id='word_1_12' title='bbox 290 216 376 239; x_wconf 84' lang='lat' dir='ltr'>vocat</span> <span class='ocrx_word' id='word_1_13' title='bbox 395 215 501 240; x_wconf 86' lang='lat' dir='ltr'>tenues</span> <span class='ocrx_word' id='word_1_14' title='bbox 521 212 654 251; x_wconf 64' lang='grc' dir='ltr'>ἓεωριας.</span> <span class='ocrx_word' id='word_1_15' title='bbox 677 212 729 242; x_wconf 81' lang='lat' dir='ltr'>Ad</span> <span class='ocrx_word' id='word_1_16' title='bbox 741 212 782 250; x_wconf 87' lang='lat' dir='ltr'>Q.</span> <span class='ocrx_word' id='word_1_17' title='bbox 801 211 853 241; x_wconf 84' lang='lat' dir='ltr'>Fr.</span> <span class='ocrx_word' id='word_1_18' title='bbox 871 210 918 250; x_wconf 87' lang='lat'>11,</span> <span class='ocrx_word' id='word_1_19' title='bbox 934 213 964 241; x_wconf 75' lang='lat'>4.</span> 
     </span>
     <span class='ocr_line' id='line_1_4' title="bbox 73 249 471 293; baseline 0.008 -13"><span class='ocrx_word' id='word_1_20' title='bbox 73 250 162 281; x_wconf 85' lang='lat' dir='ltr'>docet</span> <span class='ocrx_word' id='word_1_21' title='bbox 181 249 340 282; x_wconf 85' lang='lat' dir='ltr'>Cicerones</span> <span class='ocrx_word' id='word_1_22' title='bbox 351 263 471 293; x_wconf 87' lang='lat' dir='ltr'><strong>pueros.</strong></span> 
     </span>
    </p>
   </div>
   <div class='ocr_carea' id='block_1_3' title="bbox 118 294 919 412">
    <p class='ocr_par' dir='ltr' id='par_1_3' title="bbox 118 294 919 412">
     <span class='ocr_line' id='line_1_5' title="bbox 118 294 919 338; baseline 0.004 -14"><span class='ocrx_word' id='word_1_23' title='bbox 118 295 233 334; x_wconf 71' lang='lat' dir='ltr'><em>Tyrus,</em></span> <span class='ocrx_word' id='word_1_24' title='bbox 250 295 324 325; x_wconf 84' lang='lat' dir='ltr'><strong>Nat.</strong></span> <span class='ocrx_word' id='word_1_25' title='bbox 341 295 382 325; x_wconf 90' lang='lat' dir='ltr'>D.</span> <span class='ocrx_word' id='word_1_26' title='bbox 399 294 465 335; x_wconf 81' lang='grc' dir='ltr'>ΙΙΙ,</span> <span class='ocrx_word' id='word_1_27' title='bbox 482 299 535 327; x_wconf 84' lang='grc'><strong>23.</strong></span> <span class='ocrx_word' id='word_1_28' title='bbox 552 301 649 327; x_wconf 80' lang='lat' dir='ltr'>mater</span> <span class='ocrx_word' id='word_1_29' title='bbox 665 297 794 329; x_wconf 86' lang='lat' dir='ltr'>Veneris</span> <span class='ocrx_word' id='word_1_30' title='bbox 811 297 919 338; x_wconf 86' lang='lat' dir='ltr'><strong>Syriae.</strong></span> 
     </span>
     <span class='ocr_line' id='line_1_6' title="bbox 500 381 542 412; baseline 0 0"><span class='ocrx_word' id='word_1_31' title='bbox 500 381 542 412; x_wconf 87' lang='lat' dir='ltr'>V.</span> 
     </span>
    </p>
   </div>
   <div class='ocr_carea' id='block_1_4' title="bbox 70 466 973 1796">
    <p class='ocr_par' dir='ltr' id='par_1_4' title="bbox 70 466 970 633">
     <span class='ocr_line' id='line_1_7' title="bbox 116 466 967 508; baseline 0.005 -13"><span class='ocrx_word' id='word_1_32' title='bbox 116 466 164 495; x_wconf 67' lang='lat' dir='ltr'>Ji.</span> <span class='ocrx_word' id='word_1_33' title='bbox 187 467 316 504; x_wconf 80' lang='lat' dir='ltr'><em>Vaccus,</em></span> <span class='ocrx_word' id='word_1_34' title='bbox 344 477 361 497; x_wconf 87' lang='lat' dir='ltr'>e</span> <span class='ocrx_word' id='word_1_35' title='bbox 381 467 541 498; x_wconf 84' lang='lat' dir='ltr'>Vitruviis.</span> <span class='ocrx_word' id='word_1_36' title='bbox 569 468 664 499; x_wconf 89' lang='lat' dir='ltr'><strong>Dom.</strong></span> <span class='ocrx_word' id='word_1_37' title='bbox 692 470 744 500; x_wconf 85' lang='lat'>38.</span> <span class='ocrx_word' id='word_1_38' title='bbox 769 469 834 508; x_wconf 85' lang='lat' dir='ltr'>ejus</span> <span class='ocrx_word' id='word_1_39' title='bbox 859 469 967 500; x_wconf 66' lang='lat' dir='ltr'>domfis</span> 
     </span>
     <span class='ocr_line' id='line_1_8' title="bbox 70 510 970 552; baseline 0.004 -14"><span class='ocrx_word' id='word_1_40' title='bbox 70 519 181 539; x_wconf 86' lang='lat' dir='ltr'>eversae</span> <span class='ocrx_word' id='word_1_41' title='bbox 204 520 273 539; x_wconf 84' lang='lat' dir='ltr'>area</span> <span class='ocrx_word' id='word_1_42' title='bbox 296 512 319 527; x_wconf 68' lang='lat'>‘⁴</span> <span class='ocrx_word' id='word_1_43' title='bbox 335 510 429 541; x_wconf 85' lang='lat' dir='ltr'>Vacci</span> <span class='ocrx_word' id='word_1_44' title='bbox 440 511 554 541; x_wconf 85' lang='lat' dir='ltr'>Prata&#39;’</span> <span class='ocrx_word' id='word_1_45' title='bbox 578 511 673 550; x_wconf 88' lang='lat' dir='ltr'>dicta,</span> <span class='ocrx_word' id='word_1_46' title='bbox 700 512 783 552; x_wconf 86' lang='lat' dir='ltr'>quod</span> <span class='ocrx_word' id='word_1_47' title='bbox 807 513 970 542; x_wconf 76' lang='lat' dir='ltr'>Priverna-</span> 
     </span>
     <span class='ocr_line' id='line_1_9' title="bbox 73 551 969 593; baseline 0.003 -12"><span class='ocrx_word' id='word_1_48' title='bbox 73 551 151 581; x_wconf 88' lang='lat' dir='ltr'><strong>tium</strong></span> <span class='ocrx_word' id='word_1_49' title='bbox 170 557 199 582; x_wconf 89' lang='lat' dir='ltr'>et</span> <span class='ocrx_word' id='word_1_50' title='bbox 221 552 443 583; x_wconf 81' lang='lat' dir='ltr'>Fundanorum</span> <span class='ocrx_word' id='word_1_51' title='bbox 466 553 531 584; x_wconf 84' lang='lat' dir='ltr'>dux</span> <span class='ocrx_word' id='word_1_52' title='bbox 549 559 654 584; x_wconf 85' lang='lat' dir='ltr'>contra</span> <span class='ocrx_word' id='word_1_53' title='bbox 670 555 828 585; x_wconf 83' lang='lat' dir='ltr'>Romanos</span> <span class='ocrx_word' id='word_1_54' title='bbox 851 555 969 593; x_wconf 76' lang='lat' dir='ltr'>fuisset,</span> 
     </span>
     <span class='ocr_line' id='line_1_10' title="bbox 73 594 655 633; baseline 0.005 -10"><span class='ocrx_word' id='word_1_55' title='bbox 73 594 118 624; x_wconf 91' lang='lat' dir='ltr'>A.</span> <span class='ocrx_word' id='word_1_56' title='bbox 132 595 172 624; x_wconf 92' lang='lat' dir='ltr'>U.</span> <span class='ocrx_word' id='word_1_57' title='bbox 190 596 262 624; x_wconf 73' lang='lat'><strong>424.</strong></span> <span class='ocrx_word' id='word_1_58' title='bbox 287 595 327 624; x_wconf 92' lang='lat' dir='ltr'>V.</span> <span class='ocrx_word' id='word_1_59' title='bbox 340 595 408 626; x_wconf 85' lang='lat' dir='ltr'><strong>Liv.</strong></span> <span class='ocrx_word' id='word_1_60' title='bbox 423 596 521 633; x_wconf 83' lang='lat' dir='ltr'><em>VIII,</em></span> <span class='ocrx_word' id='word_1_61' title='bbox 542 597 590 627; x_wconf 88' lang='grc'>19.</span> <span class='ocrx_word' id='word_1_62' title='bbox 603 599 655 627; x_wconf 91' lang='lat'>20.</span> 
     </span>
    </p>

    <p class='ocr_par' dir='ltr' id='par_1_5' title="bbox 71 638 968 753">
     <span class='ocr_line' id='line_1_11' title="bbox 123 638 966 681; baseline 0.006 -15"><span class='ocrx_word' id='word_1_63' title='bbox 123 639 267 675; x_wconf 85' lang='lat' dir='ltr'><em>Vacerra,</em></span> <span class='ocrx_word' id='word_1_64' title='bbox 293 638 331 668; x_wconf 83' lang='lat' dir='ltr'>ad</span> <span class='ocrx_word' id='word_1_65' title='bbox 356 638 428 669; x_wconf 83' lang='lat' dir='ltr'><strong>Div.</strong></span> <span class='ocrx_word' id='word_1_66' title='bbox 448 638 529 675; x_wconf 65' lang='lat' dir='ltr'>Vll,</span> <span class='ocrx_word' id='word_1_67' title='bbox 551 641 580 669; x_wconf 84' lang='lat'>8.</span> <span class='ocrx_word' id='word_1_68' title='bbox 612 640 714 670; x_wconf 84' lang='lat' dir='ltr'><strong>JCtus</strong></span> <span class='ocrx_word' id='word_1_69' title='bbox 729 646 864 681; x_wconf 87' lang='lat' dir='ltr'>tempore</span> <span class='ocrx_word' id='word_1_70' title='bbox 880 640 966 671; x_wconf 82' lang='lat' dir='ltr'>Cice-</span> 
     </span>
     <span class='ocr_line' id='line_1_12' title="bbox 71 680 968 723; baseline 0.004 -13"><span class='ocrx_word' id='word_1_71' title='bbox 71 680 161 710; x_wconf 82' lang='lat' dir='ltr'><strong>ronis.</strong></span> <span class='ocrx_word' id='word_1_72' title='bbox 188 680 370 720; x_wconf 66' lang='lat' dir='ltr'>Cogitabam</span> <span class='ocrx_word' id='word_1_73' title='bbox 384 682 548 723; x_wconf 85' lang='lat' dir='ltr'>aliquando</span> <span class='ocrx_word' id='word_1_74' title='bbox 558 692 611 723; x_wconf 88' lang='lat' dir='ltr'>per</span> <span class='ocrx_word' id='word_1_75' title='bbox 623 684 731 723; x_wconf 83' lang='lat' dir='ltr'>jocum</span> <span class='ocrx_word' id='word_1_76' title='bbox 747 684 790 714; x_wconf 85' lang='lat' dir='ltr'>ita</span> <span class='ocrx_word' id='word_1_77' title='bbox 805 684 865 714; x_wconf 86' lang='lat' dir='ltr'>dici</span> <span class='ocrx_word' id='word_1_78' title='bbox 876 683 968 714; x_wconf 79' lang='lat' dir='ltr'>Vale-</span> 
     </span>
     <span class='ocr_line' id='line_1_13' title="bbox 73 722 302 753; baseline 0.004 -1"><span class='ocrx_word' id='word_1_79' title='bbox 73 722 155 753; x_wconf 87' lang='lat' dir='ltr'>rium</span> <span class='ocrx_word' id='word_1_80' title='bbox 170 723 193 753; x_wconf 84' lang='lat' dir='ltr'><strong>J</strong></span> <span class='ocrx_word' id='word_1_81' title='bbox 196 724 302 753; x_wconf 82' lang='lat' dir='ltr'><strong>Ctum.</strong></span> 
     </span>
    </p>

    <p class='ocr_par' dir='ltr' id='par_1_6' title="bbox 73 766 968 848">
     <span class='ocr_line' id='line_1_14' title="bbox 123 766 968 807; baseline 0.006 -12"><span class='ocrx_word' id='word_1_82' title='bbox 123 767 242 803; x_wconf 76' lang='lat' dir='ltr'>Valens,</span> <span class='ocrx_word' id='word_1_83' title='bbox 260 767 303 796; x_wconf 90' lang='lat' dir='ltr'><strong>N.</strong></span> <span class='ocrx_word' id='word_1_84' title='bbox 320 767 362 797; x_wconf 90' lang='lat' dir='ltr'><strong>D.</strong></span> <span class='ocrx_word' id='word_1_85' title='bbox 380 766 446 805; x_wconf 91' lang='lat' dir='ltr'>III,</span> <span class='ocrx_word' id='word_1_86' title='bbox 457 769 509 798; x_wconf 87' lang='lat'>22.</span> <span class='ocrx_word' id='word_1_87' title='bbox 520 767 670 798; x_wconf 80' lang='lat' dir='ltr'><strong>Mercurii</strong></span> <span class='ocrx_word' id='word_1_88' title='bbox 681 767 844 807; x_wconf 83' lang='lat' dir='ltr'>eujusdam</span> <span class='ocrx_word' id='word_1_89' title='bbox 854 779 870 800; x_wconf 91' lang='lat' dir='ltr'>e</span> <span class='ocrx_word' id='word_1_90' title='bbox 880 769 968 800; x_wconf 87' lang='lat' dir='ltr'>Pho-</span> 
     </span>
     <span class='ocr_line' id='line_1_15' title="bbox 73 809 289 848; baseline -0.005 -9"><span class='ocrx_word' id='word_1_91' title='bbox 73 809 180 839; x_wconf 88' lang='lat' dir='ltr'>ronide</span> <span class='ocrx_word' id='word_1_92' title='bbox 195 816 289 848; x_wconf 86' lang='lat' dir='ltr'><strong>pater.</strong></span> 
     </span>
    </p>

    <p class='ocr_par' dir='ltr' id='par_1_7' title="bbox 77 852 969 924">
     <span class='ocr_line' id='line_1_16' title="bbox 117 852 969 895; baseline 0.007 -14"><span class='ocrx_word' id='word_1_93' title='bbox 117 852 158 881; x_wconf 82' lang='lat' dir='ltr'>A.</span> <span class='ocrx_word' id='word_1_94' title='bbox 183 853 354 892; x_wconf 79' lang='lat' dir='ltr'><em>Valentius,</em></span> <span class='ocrx_word' id='word_1_95' title='bbox 375 854 466 885; x_wconf 87' lang='lat' dir='ltr'><strong>Verr.</strong></span> <span class='ocrx_word' id='word_1_96' title='bbox 484 853 546 893; x_wconf 90' lang='lat' dir='ltr'>IV,</span> <span class='ocrx_word' id='word_1_97' title='bbox 572 854 624 890; x_wconf 86' lang='lat'>37.</span> <span class='ocrx_word' id='word_1_98' title='bbox 644 853 792 895; x_wconf 83' lang='lat' dir='ltr'><strong>interpres</strong></span> <span class='ocrx_word' id='word_1_99' title='bbox 810 853 846 886; x_wconf 92' lang='lat' dir='ltr'><strong>C.</strong></span> <span class='ocrx_word' id='word_1_100' title='bbox 863 855 969 886; x_wconf 83' lang='lat' dir='ltr'>Verris</span> 
     </span>
     <span class='ocr_line' id='line_1_17' title="bbox 77 893 237 924; baseline 0 0"><span class='ocrx_word' id='word_1_101' title='bbox 77 893 110 924; x_wconf 91' lang='lat' dir='ltr'>in</span> <span class='ocrx_word' id='word_1_102' title='bbox 125 894 237 924; x_wconf 66' lang='lat' dir='ltr'>Sicilia.</span> 
     </span>
    </p>

    <p class='ocr_par' dir='ltr' id='par_1_8' title="bbox 73 939 970 1142">
     <span class='ocr_line' id='line_1_18' title="bbox 124 939 968 976; baseline 0.005 -9"><span class='ocrx_word' id='word_1_103' title='bbox 124 939 247 968; x_wconf 80' lang='lat' dir='ltr'>Valeria</span> <span class='ocrx_word' id='word_1_104' title='bbox 270 940 388 976; x_wconf 75' lang='lat' dir='ltr'><em>tabula,</em></span> <span class='ocrx_word' id='word_1_105' title='bbox 414 939 519 970; x_wconf 85' lang='lat' dir='ltr'>Vatin.</span> <span class='ocrx_word' id='word_1_106' title='bbox 536 941 568 970; x_wconf 81' lang='grc'><strong>9.</strong></span> <span class='ocrx_word' id='word_1_107' title='bbox 590 941 628 970; x_wconf 85' lang='lat' dir='ltr'>ab</span> <span class='ocrx_word' id='word_1_108' title='bbox 644 939 679 970; x_wconf 64' lang='lat' dir='ltr'>ez.</span> <span class='ocrx_word' id='word_1_109' title='bbox 694 940 837 970; x_wconf 82' lang='lat' dir='ltr'>dicuntur</span> <span class='ocrx_word' id='word_1_110' title='bbox 851 940 968 972; x_wconf 81' lang='lat' dir='ltr'>tribuni</span> 
     </span>
     <span class='ocr_line' id='line_1_19' title="bbox 73 980 970 1024; baseline 0.003 -14"><span class='ocrx_word' id='word_1_111' title='bbox 73 980 182 1021; x_wconf 89' lang='lat' dir='ltr'>plebis,</span> <span class='ocrx_word' id='word_1_112' title='bbox 200 981 317 1011; x_wconf 78' lang='lat' dir='ltr'>Vatinii</span> <span class='ocrx_word' id='word_1_113' title='bbox 329 982 463 1023; x_wconf 82' lang='lat' dir='ltr'>collegae,</span> <span class='ocrx_word' id='word_1_114' title='bbox 473 983 596 1022; x_wconf 79' lang='lat' dir='ltr'>jussisse</span> <span class='ocrx_word' id='word_1_115' title='bbox 608 983 690 1013; x_wconf 81' lang='lat' dir='ltr'>mitti</span> <span class='ocrx_word' id='word_1_116' title='bbox 697 983 862 1019; x_wconf 77' lang='lat' dir='ltr'>Bibulum,</span> <span class='ocrx_word' id='word_1_117' title='bbox 876 994 970 1024; x_wconf 90' lang='lat' dir='ltr'>quem</span> 
     </span>
     <span class='ocr_line' id='line_1_20' title="bbox 74 1023 969 1065; baseline 0.003 -12"><span class='ocrx_word' id='word_1_118' title='bbox 74 1023 218 1054; x_wconf 80' lang='lat' dir='ltr'>Vatinius</span> <span class='ocrx_word' id='word_1_119' title='bbox 233 1024 264 1053; x_wconf 91' lang='lat' dir='ltr'>in</span> <span class='ocrx_word' id='word_1_120' title='bbox 285 1025 406 1055; x_wconf 86' lang='lat' dir='ltr'>vincula</span> <span class='ocrx_word' id='word_1_121' title='bbox 421 1026 491 1056; x_wconf 87' lang='lat' dir='ltr'>duci</span> <span class='ocrx_word' id='word_1_122' title='bbox 510 1027 650 1065; x_wconf 80' lang='lat' dir='ltr'><strong>jusserat.</strong></span> <span class='ocrx_word' id='word_1_123' title='bbox 668 1026 706 1055; x_wconf 87' lang='lat' dir='ltr'>ad</span> <span class='ocrx_word' id='word_1_124' title='bbox 723 1025 798 1056; x_wconf 80' lang='lat' dir='ltr'><strong>Div.</strong></span> <span class='ocrx_word' id='word_1_125' title='bbox 825 1025 921 1064; x_wconf 86' lang='lat' dir='ltr'>XIV,</span> <span class='ocrx_word' id='word_1_126' title='bbox 938 1029 969 1060; x_wconf 86' lang='lat'>2.</span> 
     </span>
     <span class='ocr_line' id='line_1_21' title="bbox 74 1066 958 1106; baseline 0.005 -10"><span class='ocrx_word' id='word_1_127' title='bbox 74 1066 114 1096; x_wconf 86' lang='lat' dir='ltr'>ad</span> <span class='ocrx_word' id='word_1_128' title='bbox 137 1077 204 1097; x_wconf 87' lang='lat' dir='ltr'>eam</span> <span class='ocrx_word' id='word_1_129' title='bbox 227 1068 339 1098; x_wconf 82' lang='lat' dir='ltr'>exsulis</span> <span class='ocrx_word' id='word_1_130' title='bbox 365 1067 519 1099; x_wconf 84' lang='lat' dir='ltr'>Ciceronis</span> <span class='ocrx_word' id='word_1_131' title='bbox 543 1079 631 1106; x_wconf 77' lang='lat' dir='ltr'>uxor,</span> <span class='ocrx_word' id='word_1_132' title='bbox 655 1068 847 1099; x_wconf 84' lang='lat' dir='ltr'>contumeliae</span> <span class='ocrx_word' id='word_1_133' title='bbox 867 1070 958 1100; x_wconf 55' lang='lat' dir='ltr'><em>causa</em></span> 
     </span>
     <span class='ocr_line' id='line_1_22' title="bbox 73 1104 970 1142; baseline 0.004 -3"><span class='ocrx_word' id='word_1_134' title='bbox 73 1109 243 1140; x_wconf 83' lang='lat' dir='ltr'><strong>deducitur.</strong></span> <span class='ocrx_word' id='word_1_135' title='bbox 261 1109 353 1141; x_wconf 83' lang='lat' dir='ltr'><strong>Conf.</strong></span> <span class='ocrx_word' id='word_1_136' title='bbox 369 1113 472 1142; x_wconf 62' lang='lat' dir='ltr'>Senia</span> <span class='ocrx_word' id='word_1_137' title='bbox 487 1113 605 1142; x_wconf 80' lang='lat' dir='ltr'><strong>tabula.</strong></span> <span class='ocrx_word' id='word_1_138' title='bbox 960 1104 970 1121; x_wconf 86' lang='lat'>&#39;</span> 
     </span>
    </p>

    <p class='ocr_par' dir='ltr' id='par_1_9' title="bbox 126 1154 854 1191">
     <span class='ocr_line' id='line_1_23' title="bbox 126 1154 854 1191; baseline 0.003 -9"><span class='ocrx_word' id='word_1_139' title='bbox 126 1154 257 1191; x_wconf 75' lang='lat' dir='ltr'>Valeria,</span> <span class='ocrx_word' id='word_1_140' title='bbox 274 1154 374 1184; x_wconf 87' lang='lat' dir='ltr'><strong>Flacc.</strong></span> <span class='ocrx_word' id='word_1_141' title='bbox 390 1155 442 1184; x_wconf 70' lang='lat'><strong>34.</strong></span> <span class='ocrx_word' id='word_1_142' title='bbox 459 1165 536 1185; x_wconf 81' lang='lat' dir='ltr'>uxor</span> <span class='ocrx_word' id='word_1_143' title='bbox 550 1154 708 1185; x_wconf 84' lang='lat' dir='ltr'>Andronis</span> <span class='ocrx_word' id='word_1_144' title='bbox 725 1155 854 1186; x_wconf 78' lang='lat' dir='ltr'>Sextilii.</span> 
     </span>
    </p>

    <p class='ocr_par' dir='ltr' id='par_1_10' title="bbox 74 1197 969 1452">
     <span class='ocr_line' id='line_1_24' title="bbox 118 1197 966 1237; baseline 0.002 -11"><span class='ocrx_word' id='word_1_145' title='bbox 118 1198 223 1227; x_wconf 70' lang='lat' dir='ltr'><em>Paula</em></span> <span class='ocrx_word' id='word_1_146' title='bbox 252 1198 383 1235; x_wconf 78' lang='lat' dir='ltr'>Valeria,</span> <span class='ocrx_word' id='word_1_147' title='bbox 405 1198 443 1227; x_wconf 84' lang='lat' dir='ltr'>ad</span> <span class='ocrx_word' id='word_1_148' title='bbox 466 1198 539 1228; x_wconf 88' lang='lat' dir='ltr'><strong>Div.</strong></span> <span class='ocrx_word' id='word_1_149' title='bbox 563 1199 592 1228; x_wconf 79' lang='lat' dir='ltr'>V</span> <span class='ocrx_word' id='word_1_150' title='bbox 597 1197 663 1236; x_wconf 86' lang='grc' dir='ltr'>ΙΙΙ,</span> <span class='ocrx_word' id='word_1_151' title='bbox 684 1199 714 1232; x_wconf 90' lang='grc'>7.</span> <span class='ocrx_word' id='word_1_152' title='bbox 741 1208 821 1228; x_wconf 85' lang='lat' dir='ltr'>soror</span> <span class='ocrx_word' id='word_1_153' title='bbox 840 1198 966 1237; x_wconf 85' lang='lat' dir='ltr'>Triarii,</span> 
     </span>
     <span class='ocr_line' id='line_1_25' title="bbox 74 1237 969 1278; baseline 0.002 -9"><span class='ocrx_word' id='word_1_154' title='bbox 74 1237 236 1270; x_wconf 83' lang='lat' dir='ltr'>discidium</span> <span class='ocrx_word' id='word_1_155' title='bbox 251 1240 332 1278; x_wconf 82' lang='lat' dir='ltr'>facit,</span> <span class='ocrx_word' id='word_1_156' title='bbox 350 1247 379 1271; x_wconf 87' lang='lat' dir='ltr'>et</span> <span class='ocrx_word' id='word_1_157' title='bbox 392 1240 434 1270; x_wconf 93' lang='lat' dir='ltr'>D.</span> <span class='ocrx_word' id='word_1_158' title='bbox 449 1241 548 1271; x_wconf 88' lang='lat' dir='ltr'>Bruto</span> <span class='ocrx_word' id='word_1_159' title='bbox 563 1241 661 1271; x_wconf 88' lang='lat' dir='ltr'><strong>nubit.</strong></span> <span class='ocrx_word' id='word_1_160' title='bbox 685 1240 758 1270; x_wconf 84' lang='lat' dir='ltr'><strong>Vid.</strong></span> <span class='ocrx_word' id='word_1_161' title='bbox 774 1241 806 1270; x_wconf 92' lang='lat' dir='ltr'>in</span> <span class='ocrx_word' id='word_1_162' title='bbox 824 1244 854 1272; x_wconf 88' lang='lat' dir='ltr'><strong>C.</strong></span> <span class='ocrx_word' id='word_1_163' title='bbox 875 1243 969 1272; x_wconf 83' lang='lat' dir='ltr'>Tria-</span> 
     </span>
     <span class='ocr_line' id='line_1_26' title="bbox 75 1282 969 1325; baseline 0.003 -13"><span class='ocrx_word' id='word_1_164' title='bbox 75 1282 152 1312; x_wconf 83' lang='lat' dir='ltr'><strong>rius.</strong></span> <span class='ocrx_word' id='word_1_165' title='bbox 183 1282 356 1313; x_wconf 80' lang='lat' dir='ltr'>observent</span> <span class='ocrx_word' id='word_1_166' title='bbox 384 1284 506 1321; x_wconf 82' lang='lat' dir='ltr'>tirones,</span> <span class='ocrx_word' id='word_1_167' title='bbox 539 1284 645 1314; x_wconf 80' lang='lat' dir='ltr'>Paulae</span> <span class='ocrx_word' id='word_1_168' title='bbox 670 1293 793 1320; x_wconf 81' lang='lat' dir='ltr'>nomen,</span> <span class='ocrx_word' id='word_1_169' title='bbox 824 1295 910 1325; x_wconf 82' lang='lat' dir='ltr'>aeque</span> <span class='ocrx_word' id='word_1_170' title='bbox 934 1291 969 1315; x_wconf 89' lang='lat' dir='ltr'>ut</span> 
     </span>
     <span class='ocr_line' id='line_1_27' title="bbox 76 1325 967 1367; baseline 0.002 -12"><span class='ocrx_word' id='word_1_171' title='bbox 76 1325 177 1362; x_wconf 83' lang='lat' dir='ltr'>Pauli,</span> <span class='ocrx_word' id='word_1_172' title='bbox 196 1327 280 1366; x_wconf 83' lang='lat' dir='ltr'>(quae</span> <span class='ocrx_word' id='word_1_173' title='bbox 295 1327 475 1366; x_wconf 82' lang='lat' dir='ltr'>cognomina</span> <span class='ocrx_word' id='word_1_174' title='bbox 490 1327 610 1367; x_wconf 82' lang='lat' dir='ltr'>proprie</span> <span class='ocrx_word' id='word_1_175' title='bbox 625 1332 709 1363; x_wconf 78' lang='lat' dir='ltr'>sunt)</span> <span class='ocrx_word' id='word_1_176' title='bbox 731 1327 885 1357; x_wconf 80' lang='lat' dir='ltr'>interdum</span> <span class='ocrx_word' id='word_1_177' title='bbox 904 1337 967 1358; x_wconf 85' lang='lat' dir='ltr'>esse</span> 
     </span>
     <span class='ocr_line' id='line_1_28' title="bbox 75 1368 968 1408; baseline 0.003 -11"><span class='ocrx_word' id='word_1_178' title='bbox 75 1368 167 1398; x_wconf 78' lang='lat' dir='ltr'>etiam</span> <span class='ocrx_word' id='word_1_179' title='bbox 182 1369 380 1408; x_wconf 61' lang='lat' dir='ltr'>praenomina,</span> <span class='ocrx_word' id='word_1_180' title='bbox 397 1377 432 1399; x_wconf 85' lang='lat' dir='ltr'>ut</span> <span class='ocrx_word' id='word_1_181' title='bbox 443 1370 500 1399; x_wconf 80' lang='lat' dir='ltr'>hoc</span> <span class='ocrx_word' id='word_1_182' title='bbox 514 1370 590 1400; x_wconf 87' lang='lat' dir='ltr'><strong>loco.</strong></span> <span class='ocrx_word' id='word_1_183' title='bbox 607 1369 679 1400; x_wconf 65' lang='lat' dir='ltr'><strong>vid.</strong></span> <span class='ocrx_word' id='word_1_184' title='bbox 696 1370 832 1399; x_wconf 82' lang='lat' dir='ltr'>Perizon.</span> <span class='ocrx_word' id='word_1_185' title='bbox 846 1370 968 1401; x_wconf 89' lang='lat' dir='ltr'>inAni-</span> 
     </span>
     <span class='ocr_line' id='line_1_29' title="bbox 76 1410 552 1452; baseline 0.006 -12"><span class='ocrx_word' id='word_1_186' title='bbox 76 1410 178 1440; x_wconf 80' lang='lat' dir='ltr'><strong>madv.</strong></span> <span class='ocrx_word' id='word_1_187' title='bbox 196 1411 276 1441; x_wconf 86' lang='lat' dir='ltr'><strong>Hist.</strong></span> <span class='ocrx_word' id='word_1_188' title='bbox 293 1422 358 1452; x_wconf 87' lang='lat' dir='ltr'><strong>cap.</strong></span> <span class='ocrx_word' id='word_1_189' title='bbox 375 1414 407 1449; x_wconf 79' lang='lat'>3,</span> <span class='ocrx_word' id='word_1_190' title='bbox 431 1423 461 1452; x_wconf 90' lang='lat' dir='ltr'>p.</span> <span class='ocrx_word' id='word_1_191' title='bbox 483 1416 552 1443; x_wconf 74' lang='lat'><strong>130.</strong></span> 
     </span>
    </p>

    <p class='ocr_par' dir='ltr' id='par_1_11' title="bbox 128 1454 774 1496">
     <span class='ocr_line' id='line_1_30' title="bbox 128 1454 774 1496; baseline 0.003 -13"><span class='ocrx_word' id='word_1_192' title='bbox 128 1455 280 1490; x_wconf 70' lang='lat' dir='ltr'>Valerius,</span> <span class='ocrx_word' id='word_1_193' title='bbox 295 1454 382 1484; x_wconf 86' lang='lat' dir='ltr'><strong>Verr.</strong></span> <span class='ocrx_word' id='word_1_194' title='bbox 401 1454 461 1491; x_wconf 91' lang='lat' dir='ltr'>IV,</span> <span class='ocrx_word' id='word_1_195' title='bbox 479 1456 530 1485; x_wconf 87' lang='lat'>21.</span> <span class='ocrx_word' id='word_1_196' title='bbox 546 1465 646 1496; x_wconf 87' lang='lat' dir='ltr'>praeco</span> <span class='ocrx_word' id='word_1_197' title='bbox 660 1455 774 1485; x_wconf 76' lang='lat' dir='ltr'><strong>Verris.</strong></span> 
     </span>
    </p>

    <p class='ocr_par' dir='ltr' id='par_1_12' title="bbox 78 1496 970 1570">
     <span class='ocr_line' id='line_1_31' title="bbox 127 1496 970 1540; baseline 0.005 -15"><span class='ocrx_word' id='word_1_198' title='bbox 127 1497 278 1535; x_wconf 72' lang='lat' dir='ltr'>Valerius,</span> <span class='ocrx_word' id='word_1_199' title='bbox 301 1497 389 1528; x_wconf 69' lang='lat' dir='ltr'><strong>Orat.</strong></span> <span class='ocrx_word' id='word_1_200' title='bbox 411 1496 477 1536; x_wconf 87' lang='lat'>111,</span> <span class='ocrx_word' id='word_1_201' title='bbox 503 1500 554 1528; x_wconf 78' lang='lat'>21.</span> <span class='ocrx_word' id='word_1_202' title='bbox 579 1498 726 1537; x_wconf 78' lang='lat' dir='ltr'>scenicus,</span> <span class='ocrx_word' id='word_1_203' title='bbox 747 1498 883 1540; x_wconf 85' lang='lat' dir='ltr'>quotidie</span> <span class='ocrx_word' id='word_1_204' title='bbox 897 1508 970 1529; x_wconf 82' lang='lat' dir='ltr'>can-</span> 
     </span>
     <span class='ocr_line' id='line_1_32' title="bbox 78 1541 172 1570; baseline 0.011 -1"><span class='ocrx_word' id='word_1_205' title='bbox 78 1541 172 1570; x_wconf 83' lang='lat' dir='ltr'><strong>tabat.</strong></span> 
     </span>
    </p>

    <p class='ocr_par' dir='ltr' id='par_1_13' title="bbox 75 1583 970 1699">
     <span class='ocr_line' id='line_1_33' title="bbox 130 1583 970 1621; baseline 0.004 -9"><span class='ocrx_word' id='word_1_206' title='bbox 130 1583 280 1619; x_wconf 79' lang='lat' dir='ltr'>Valerius,</span> <span class='ocrx_word' id='word_1_207' title='bbox 299 1583 368 1613; x_wconf 86' lang='lat' dir='ltr'><strong>Att.</strong></span> <span class='ocrx_word' id='word_1_208' title='bbox 386 1583 435 1621; x_wconf 82' lang='lat' dir='ltr'>II,</span> <span class='ocrx_word' id='word_1_209' title='bbox 456 1584 487 1614; x_wconf 85' lang='lat'>3.</span> <span class='ocrx_word' id='word_1_210' title='bbox 506 1583 685 1618; x_wconf 72' lang='lat' dir='ltr'>absolvitur,</span> <span class='ocrx_word' id='word_1_211' title='bbox 699 1583 849 1614; x_wconf 79' lang='lat' dir='ltr'>incertum</span> <span class='ocrx_word' id='word_1_212' title='bbox 864 1590 970 1615; x_wconf 84' lang='lat' dir='ltr'><strong>utrum</strong></span> 
     </span>
     <span class='ocr_line' id='line_1_34' title="bbox 75 1624 968 1666; baseline 0.003 -11"><span class='ocrx_word' id='word_1_213' title='bbox 75 1624 218 1656; x_wconf 83' lang='lat' dir='ltr'>Valerius</span> <span class='ocrx_word' id='word_1_214' title='bbox 232 1626 372 1665; x_wconf 74' lang='lat' dir='ltr'>Flaccus,</span> <span class='ocrx_word' id='word_1_215' title='bbox 388 1636 428 1657; x_wconf 87' lang='lat' dir='ltr'>an</span> <span class='ocrx_word' id='word_1_216' title='bbox 447 1626 590 1658; x_wconf 87' lang='lat' dir='ltr'>Valerius</span> <span class='ocrx_word' id='word_1_217' title='bbox 605 1627 753 1666; x_wconf 82' lang='lat' dir='ltr'>Messala,</span> <span class='ocrx_word' id='word_1_218' title='bbox 768 1636 809 1658; x_wconf 86' lang='lat' dir='ltr'>an</span> <span class='ocrx_word' id='word_1_219' title='bbox 824 1626 968 1659; x_wconf 86' lang='lat' dir='ltr'>Valerius</span> 
     </span>
     <span class='ocr_line' id='line_1_35' title="bbox 81 1667 195 1699; baseline 0 -1"><span class='ocrx_word' id='word_1_220' title='bbox 81 1667 195 1699; x_wconf 81' lang='lat' dir='ltr'><strong>JCtus.</strong></span> 
     </span>
    </p>

    <p class='ocr_par' dir='ltr' id='par_1_14' title="bbox 86 1711 973 1796">
     <span class='ocr_line' id='line_1_36' title="bbox 132 1711 973 1755; baseline 0.005 -14"><span class='ocrx_word' id='word_1_221' title='bbox 132 1711 282 1749; x_wconf 79' lang='lat' dir='ltr'>Valerius,</span> <span class='ocrx_word' id='word_1_222' title='bbox 307 1711 347 1742; x_wconf 85' lang='lat' dir='ltr'>ad</span> <span class='ocrx_word' id='word_1_223' title='bbox 374 1711 446 1742; x_wconf 91' lang='lat' dir='ltr'><strong>Div.</strong></span> <span class='ocrx_word' id='word_1_224' title='bbox 464 1712 508 1751; x_wconf 89' lang='lat' dir='ltr'>V,</span> <span class='ocrx_word' id='word_1_225' title='bbox 533 1714 586 1744; x_wconf 81' lang='lat'>20.</span> <span class='ocrx_word' id='word_1_226' title='bbox 608 1713 707 1745; x_wconf 85' lang='lat' dir='ltr'>nescio</span> <span class='ocrx_word' id='word_1_227' title='bbox 728 1712 808 1754; x_wconf 89' lang='lat' dir='ltr'>quis,</span> <span class='ocrx_word' id='word_1_228' title='bbox 828 1723 973 1755; x_wconf 83' lang='lat' dir='ltr'>manceps</span> 
     </span>
     <span class='ocr_line' id='line_1_37' title="bbox 86 1754 554 1796; baseline 0.004 -12"><span class='ocrx_word' id='word_1_229' title='bbox 86 1755 224 1794; x_wconf 86' lang='lat' dir='ltr'>pecuniae</span> <span class='ocrx_word' id='word_1_230' title='bbox 238 1754 368 1796; x_wconf 83' lang='lat' dir='ltr'>publicae</span> <span class='ocrx_word' id='word_1_231' title='bbox 383 1756 431 1796; x_wconf 86' lang='lat' dir='ltr'>cuj</span> <span class='ocrx_word' id='word_1_232' title='bbox 437 1755 554 1787; x_wconf 83' lang='lat' dir='ltr'><strong>usdam.</strong></span> 
     </span>
    </p>
   </div>
  </div>
 </body>
</html>
