1122 1868
146 77 207 107 122
357 76 507 108 INDEX
531 76 817 108 HISTORIOUS.

190 162 239 192 M.
260 162 375 198 AElius,
401 161 465 192 Att.
481 162 558 199 XV,
574 163 625 192 26.

189 207 229 235 P.
257 206 372 241 Allius,
405 204 527 236 cluent.
560 208 612 242 59,
643 203 825 236 testamento*
848 203 1031 235 Cluentium

145 248 296 278 haeredem
319 247 399 278 facit.
432 249 559 278 Latinas
584 248 702 279 videtur
724 248 825 278 fuisse.
856 246 966 278 Alium
991 248 1030 278 ab

144 290 203 321 hoc
218 302 280 321 esse
297 291 331 320 P.
354 292 486 328 AElium,
503 292 588 322 Sexti
599 291 674 321 AElii
687 292 822 329 fratrem,
839 301 878 321 ex
888 289 1031 331 temporis

145 334 261 364 ratione
272 334 461 375 intelligitur.

193 377 228 412 Q.
256 379 374 413 AElz'us,
401 378 456 407 Br.
478 378 530 414 28,
555 378 668 416 Paetus,
690 377 744 418 qui
764 387 835 407 cum
858 375 909 406 M.
924 376 1030 406 Penne

146 420 252 450 consul
271 419 338 450 fuit.
367 419 423 460 (A.
442 421 482 450 U.
499 420 590 460 587.)

191 464 224 493 S.
245 464 352 492 AElins
367 463 473 499 Catus,
496 464 586 494 Brut.
603 465 655 501 ΞΟ,
672 463 709 493 ad
734 463 854 503 Divers.
872 462 954 499 VII,
978 464 1031 498 22,

147 506 250 536 JCtus
273 512 302 536 et
327 506 480 547 eloquens,
507 507 544 536 de
570 508 657 538 Orat.
682 507 710 542 I,
737 507 789 542 45,
813 511 936 546 propter
957 504 1035 544 juris

149 548 244 579 civilis
260 549 414 579 scientiam
430 550 609 590 appellatur.
625 549 662 579 de
677 549 763 579 Orat.
775 548 803 587 I,
814 550 867 584 56,
884 557 1037 578 commen-

149 591 240 622 tat-ios
263 592 381 632 scripsit
405 592 442 622 de
457 594 526 631 jure
545 593 634 623 civffi.
659 592 714 622 Or.
736 592 802 628 ΙΙΙ,
827 592 879 628 33,
896 591 1037 621 omnibus

149 634 265 665 civibus
280 635 396 664 consilii
415 635 461 664 sui
485 636 603 675 copiam
622 635 701 665 fecit.
724 635 805 675 Top.
830 636 862 669 3,
884 632 1036 674 quomodo

151 678 305 717 Locuples
328 678 466 718 explicet.
491 678 540 708 De
562 678 638 718 Leg.
663 677 711 715 ΙΙ,
735 681 787 715 23,
807 675 880 706 XII
901 675 1038 706 Tabulas

149 720 362 760 interpretatus
386 726 451 750 esu
476 731 580 751 vocem
606 722 718 751 Lessus
739 730 801 750 non
822 718 985 756 intellexit,
1009 723 1038 749 et

152 774 213 793 ves
205 763 322 792 inienti
339 773 434 803 genus
450 764 618 803 suspicatus
634 774 664 794 es
666 770 688 794 t.

198 807 343 841 l-Jmilia,
362 805 434 835 Div.
453 805 499 843 ΙΙ,
516 807 569 843 37,
586 807 650 836 filia
667 805 786 837 Emilii
802 805 902 835 Pauli.

198 850 394 879 Fmilianus
410 849 521 890 scipio,
549 850 629 879 Phil.
646 849 749 885 XIII,
766 850 797 885 ⁶2,
815 847 905 878 Lucii
919 846 1041 877 AEmilii

154 892 244 922 Pauli
271 892 363 929 filius,
388 902 406 922 a
430 892 466 922 Ρ.
492 891 631 922 Africani
653 891 781 932 Majoris
804 891 846 921 fil.
871 890 1041 931 adoptatus.

153 934 226 965 Vid.
241 936 355 973 Scipio.

197 979 349 1008 sEmilius
373 978 468 1016 Alba,
491 978 524 1008 in
549 979 636 1009 Verr.
652 978 713 1017 IV,
735 978 788 1015 62,
805 987 917 1014 scurra,
937 975 1042 1007 Verris

157 1021 326 1051 familiaris.

205 1065 242 1093 L.
260 1064 423 1101 AE›nilizts,
449 1065 529 1095 Phil.
545 1064 644 1102 XIII,
661 1066 690 1094 4.
714 1064 787 1094 Vid.
804 1064 844 1094 L.
858 1064 991 1094 Paulus.

200 1108 248 1136 M.
264 1108 415 1137 Aimilius
433 1109 582 1145 Avianus,
595 1108 667 1138 Div.
680 1106 779 1143 XIII,
795 1108 849 1144 21,
864 1106 1041 1147 negotiator.

199 1151 247 1180 M.
276 1151 428 1180 Aimilc'us
453 1151 588 1191 Lepidus
615 1151 754 1188 Porcina,
780 1150 834 1180 Bt.
863 1152 917 1186 25,
944 1155 1042 1180 orator

155 1195 265 1229 bonus,
281 1194 428 1223 orationes
443 1194 575 1234 reh‘quit.

202 1237 250 1266 M.
268 1237 420 1267 Almilias
435 1236 612 1277 (Lepidus.)
634 1236 708 1266 Vid.
724 1236 870 1276 Lepidus.

203 1280 250 1309 M.
270 1280 418 1310 AEnze'lius
435 1281 565 1320 (Scauru
582 1279 608 1318 .)
635 1279 706 1308 Vid.
725 1282 873 1309 Scaurus.

205 1324 373 1359 AEsclzines,
392 1323 545 1359 Milesius,
567 1323 657 1354 Brut.
684 1324 736 1361 95,
758 1322 912 1352 Asiaticus
934 1326 1044 1358 orator,

160 1366 286 1406 aequalis
317 1365 482 1402 Ciceronis,
509 1375 571 1406 quo
596 1375 704 1405 genere
732 1364 873 1396 orationis
898 1374 972 1394 usus
997 1363 1044 1394 sit.

161 1408 353 1438 Memoratur
380 1409 470 1438 etiam
495 1408 646 1446 Straboni,
662 1408 716 1438 lib.
738 1408 834 1445 XIV,
860 1413 889 1437 et
913 1407 1044 1443 Senecae,

154 1449 267 1481 Contr.
287 1450 313 1487 I,
331 1451 369 1481 8:
395 1462 470 1492 quos
485 1451 564 1482 locos
577 1452 643 1490 jam
654 1451 731 1482 vidit
742 1451 870 1491 Menag·
887 1449 926 1480 ad
941 1449 1044 1480 baert.

205 1537 371 1571 AEsclzz'nes,
389 1537 565 1567 Socraticus„
594 1536 642 1567 De
657 1537 726 1567 Inv.
742 1536 771 1574 Ι,
787 1540 842 1575 31,
863 1535 1046 1566 inductionis

162 1579 316 1609 rhetoricae
332 1589 394 1609 exe
396 1579 507 1620 nplum
523 1581 561 1610 ab
577 1590 611 1610 eo
625 1580 764 1621 petitum.

209 1623 349 1652 Α”.εεΙιιιι
338 1632 378 1657 vs,
404 1622 459 1652 Or.
484 1621 531 1659 11,
554 1626 606 1659 23,
630 1629 737 1653 orator.
760 1622 810 1653 De
833 1619 972 1658 Or.111,
995 1621 1048 1658 56,

168 1665 296 1694 Athenis
308 1664 386 1694 cedit
401 1665 569 1701 Rhodum;
592 1665 698 1696 laudat
707 1665 956 1696 Demosthenem.
971 1664 1050 1703 Ejus

165 1708 260 1738 oratio
290 1713 392 1737 contra
426 1707 654 1748 Ctesiphontem
692 1719 770 1749 saepe
799 1712 1051 1739 commemoratur

170 1750 251 1790 apud
268 1750 455 1780 Ciceronem.
