1122 1868
145 88 208 118 386
360 90 510 122 INDEX
533 91 817 123 HISTORICUS.

149 180 280 214 praestat.
298 175 372 217 Leg.
390 175 436 215 II,
455 180 483 208 2.
505 176 625 208 Atticos
642 187 679 208 ex
689 177 769 218 agris
780 177 812 206 in
827 177 933 207 urbem
950 185 1032 206 com-

150 217 239 256 pulit,
259 220 315 248 &a

198 262 359 300 Thessalus,
376 263 464 293 Verr.
477 263 524 299 II,
539 266 588 293 33.
608 263 842 303 Lampsacenus.

198 304 344 341 Themlas,
360 306 397 336 ad
414 306 486 336 Div.
503 306 565 343 VI,
586 307 635 335 10.
647 306 771 336 libertus
788 303 943 335 Trebiani.

194 347 233 375 L.
249 346 370 378 Thorius
381 349 507 386 Balbus,
524 349 576 389 Sp.
588 348 623 378 F.
640 348 709 378 Fin.
727 347 772 384 II,
791 352 841 378 20.
859 350 909 376 22.
928 347 1033 376 Lanu-

150 387 238 418 vinus
254 390 358 427 (unde,
379 392 410 421 in
423 401 551 421 nummo
569 392 633 430 ejus
651 391 821 431 quaestorio,
834 390 920 420 Juno
933 388 1035 429 Sospi-

151 430 196 470 ta)
221 432 512 473 voluptuosissimus.
546 434 686 474 Pighius,
711 433 750 463 ad
780 434 819 463 A.
847 434 921 470 673,
949 441 1035 461 eum·-

151 473 222 504 dem
237 481 334 514 putat,
352 478 404 517 qui
426 477 515 506 Brut.
538 477 591 513 67,
616 477 654 506 L.
671 476 786 506 Turius
801 476 920 511 dieitur,
942 483 1036 514 parvo

152 516 284 556 ingenio,
306 519 357 549 sed
381 520 479 549 multo
504 520 618 555 labore,
637 519 685 548 cui
707 529 810 558 paucae
832 517 974 548 centuriae
998 516 1035 546 ad

152 561 342 592 consulatum
366 562 497 592 defuere.
522 562 570 592 Sic
597 561 688 591 etiam
712 560 838 598 Valens,
864 561 895 590 in
919 559 1037 589 familia

154 601 282 641 Thoria,
298 615 367 644 pag.
387 606 461 640 471.
474 605 514 634 Τ.
533 603 578 641 ΙΙ,
605 606 647 637 (v.
672 604 707 634 L.
734 605 874 639 Turius.)
898 603 936 632 L.
953 601 1038 631 Tho·

153 645 215 675 rius
231 645 289 676 fuit
305 649 374 677 trib.
393 647 434 688 pl.
448 647 486 677 A.
503 648 575 682 678.

198 689 249 726 Sp.
272 691 399 719 Thorius
415 692 539 726 Balbus,
556 690 646 720 Brut.
666 692 717 720 31.
736 688 832 719 valuit
852 688 883 717 in
898 686 1038 729 populari

154 740 262 770 genere
277 732 404 763 dicendi.
430 734 545 763 Auctor
559 732 633 772 legis
650 732 782 762 Thoriae.
803 731 843 760 V.
860 732 883 761 Ι
883 732 930 759 nd.
944 731 1037 769 Legg.

202 775 310 811 leth,
328 776 401 806 Nat.
418 776 460 806 D.
476 775 540 813 III,
555 778 605 804 22.
623 775 840 815 AEgyptiorum
854 773 1037 810 Mercurius,

155 826 216 857 quo
231 818 353 848 nomine
369 825 398 849 et
413 819 529 859 primus
544 818 655 848 mensis
670 817 750 858 apud
766 827 815 847 eos
830 816 1010 857 appellatur.

205 861 414 901 Thrasybulus,
432 862 497 892 Att.
509 860 607 897 VIII,
625 864 654 892 3.

204 903 325 941 Thraso,
343 904 429 934 Verr.
442 905 503 941 VI,
521 908 571 935 22.
588 903 826 944 Tyndaritanus.

206 946 451 985 Thrasymachus,
483 947 537 977 Or.
565 946 628 983 III,
659 950 711 977 3¹2.
743 942 974 980 Chalcedonius,
1004 942 1042 972 de

158 988 280 1019 Natursst
297 990 414 1020 Rerum
436 990 561 1030 scripsit.
580 989 652 1019 ibid.
674 990 723 1019 16.
739 988 872 1028 sophista
887 985 1042 1017 celeberri-

157 1040 236 1061 mus.
248 1032 304 1063 Or.
319 1035 367 1062 12.
378 1033 505 1073 primus,
518 1043 586 1062 curn
599 1031 724 1072 Gorgissr,
738 1037 800 1061 arte
810 1029 942 1071 q1131da1n
953 1029 1043 1059 verba

157 1074 264 1104 vinxit.
289 1075 430 1106 Abstinet
445 1087 462 1106 a
477 1086 508 1105 re
522 1075 655 1115 publice..

208 1118 409 1158 Thucydides,
420 1118 475 1149 Or.
488 1117 534 1155 II,
548 1119 595 1148 12.
609 1117 760 1158 quomodo
772 1115 932 1157 scripserit.
953 1114 1042 1144 Brut.

161 1163 210 1190 ll.
226 1171 347 1190 summo
361 1161 426 1191 loco
442 1167 541 1196 natus,
560 1162 615 1191 &c-

209 1204 356 1244 Thyestes,
372 1203 466 1234 Tuse.
483 1203 548 1240 111,
575 1207 622 1234 12.
642 1206 690 1234 18.
714 1202 802 1233 Jovis
823 1210 981 1243 pronepos.
1001 1199 1043 1229 ib.

161 1244 189 1283 I,
206 1247 257 1276 44.
274 1247 363 1276 Brut.
382 1248 433 1276 20.
449 1247 553 1276 fabula
568 1246 672 1283 Ennii,
687 1246 743 1275 &c.

209 1289 340 1329 Thyone,
359 1289 433 1320 Nat.
453 1290 496 1319 D.
512 1288 577 1326 III,
595 1292 645 1319 23.
661 1298 739 1318 uxor
755 1288 836 1327 Nisi,
855 1291 952 1316 mater
967 1285 1045 1316 Bac-

162 1331 221 1368 chi,
239 1342 332 1372 quam
348 1332 486 1363 Semelen
502 1332 748 1373 interpretantur.

210 1376 360 1413 Tiberius,
383 1375 449 1405 Att.
470 1375 513 1413 V,
529 1376 582 1405 21.
606 1374 721 1405 amicus
741 1371 848 1411 Attici,
874 1372 915 1410 Q.
936 1370 1047 1403 Volusi

162 1428 253 1448 socer.

207 1462 240 1491 C.
262 1461 370 1491 Tidz'us
386 1461 499 1497 strabo,
516 1460 555 1490 ad
567 1460 641 1491 Div.
658 1458 739 1497 XII,
757 1459 788 1489 6.
800 1457 837 1488 ad
855 1456 890 1488 C.
908 1456 1048 1487 Cassium

162 1503 193 1532 in
211 1504 328 1544 Syriam
343 1514 373 1533 se
388 1504 512 1541 confert,
528 1504 647 1534 Caesare
662 1501 826 1532 interfecto.
842 1500 966 1530 Manut.
982 1509 1048 1528 ma-

163 1546 245 1576 lebat
265 1548 384 1582 Titius,-
407 1552 442 1576 ut
458 1552 533 1576 esset
548 1547 586 1577 L.
604 1546 706 1576 Titius
723 1545 840 1581 Strabo,
865 1542 902 1572 de
925 1552 986 1583 quo
1009 1541 1048 1571 ad

164 1588 236 1618 Div.
255 1589 356 1625 XIII,
374 1592 423 1620 14.
441 1589 477 1619 C.
496 1589 623 1619 Tidium
641 1589 819 1619 Strabonem
833 1585 911 1615 inter
926 1583 1049 1626 provin-

165 1631 252 1661 ciales
268 1637 409 1672 praetores
424 1632 513 1662 refert
529 1631 667 1672 Pighius,
684 1631 725 1661 A.
743 1630 814 1665 700·

210 1674 256 1703 M.
279 1676 424 1711 Tigellius
442 1676 650 1714 Hermogenes,
667 1673 705 1703 ad
721 1671 795 1702 Div.
808 1669 887 1704 VII..
901 1669 952 1699 24.
964 1678 982 1698 a
995 1667 1050 1698 Li-

166 1716 244 1748 cinio
260 1717 354 1748 Calvo
366 1717 472 1750 acriter
486 1716 705 1758 perstringitur.
728 1718 797 1746 Att.
812 1711 913 1750 XIII,
929 1712 980 1743 49.
996 1711 1047 1740 51.
