1137 1848
302 63 451 94 INDEX
476 62 762 95 HISTORICUS.
916 61 979 96 357

93 146 229 178 Ciceroni
241 158 354 189 procos.
368 148 513 180 molestiae
529 150 615 180 affert
626 161 635 186 ς
653 160 723 190 quae
735 159 780 179 res
791 148 838 179 his
849 146 982 189 epistolis

94 196 242 221 narratur.

138 235 175 262 P.
193 235 342 273 Scapula,
359 235 468 272 Quint.
483 238 512 265 4.
528 235 696 265 foenerator.
720 235 858 275 Scapulae
878 234 980 272 cujus-

94 275 165 305 dam
185 276 264 307 horti
279 284 564 308 commemorantur.
580 279 648 308 Λα.
668 277 748 315 XII,
766 279 816 312 37.
840 276 979 316 Scapulae

94 324 196 348 autern
219 327 290 350 sunt
313 331 328 350 e
350 321 495 358 Quintiis.
513 321 553 350 V.
574 320 726 350 Harduin.
747 320 785 349 ad
803 321 882 349 Plin.
900 318 980 355 VII,

94 362 145 391 53.
170 360 279 403 Itaque
305 364 453 403 Scapulae,
475 364 658 404 quibuscum
688 363 798 393 decidit
821 363 980 400 Quintius,

94 404 221 443 gentiles
237 406 301 444 ejus
316 406 457 436 videntur
472 407 573 437 fuisse.

138 449 286 486 Scapula,
299 449 337 478 ad
354 449 424 478 Div.
439 449 501 486 IX,
520 451 565 480 13.
579 455 682 479 auctor
691 448 842 479 seditionis
858 448 888 477 in
907 447 981 477 His-

94 490 186 529 pania
202 491 347 527 ulteriori,
364 492 548 523 confirmatae
563 503 580 522 a
593 492 740 532 Pompeio
756 491 827 521 filio.
852 491 901 520 De
917 492 982 529 ejus

95 532 230 570 interitu,
247 534 306 564 vid.
326 534 407 564 Hirt.
425 536 503 565 Bell.
521 535 612 576 Hisp.
629 539 682 565 33.

139 577 288 613 Scatiniz',
306 577 387 608 Phil.
406 577 470 615 ΙΙΙ,
488 579 517 608 G.
534 584 605 608 sunt
620 588 657 608 ex
676 576 785 607 Aricia.

140 620 245 656 Scato,
273 620 366 649 Dom.
394 624 445 650 44.
468 621 560 651 homo
583 623 738 656 obscurus,
765 619 943 655 Clodianus,
967 629 984 648 e

98 659 221 698 Marsis,
234 664 289 692 sub
305 664 391 702 cujus
407 664 529 694 nomine
541 663 667 695 Clodius
677 663 754 693 aedes
771 664 811 699 Q.
823 663 883 693 seii
899 662 982 692 emit.

140 706 188 734 M.
205 707 357 741 Scaurus.
374 717 411 736 ex
428 707 576 742 AEmiliis,
593 706 648 737 Or.
667 705 712 742 II,
734 706 785 735 46.
807 705 917 735 humili
932 715 984 744 ge-

96 756 167 776 nere
182 754 274 778 ortus.
300 749 422 778 Muren.
443 750 472 784 7.
489 749 668 779 memoriam
683 748 800 788 generis
824 748 870 778 sui
892 748 985 777 inter-

96 796 250 820 mortuam
267 798 400 821 renovat.
424 792 514 822 Brut.
538 796 589 822 29.
611 792 677 830 ejus
699 791 845 821 orationes
861 797 889 820 et
903 790 984 820 libri.

96 833 217 863 Stoicus
237 833 305 864 fuit.
331 834 420 865 Offie.
448 836 477 871 I,
500 836 553 864 30.
573 834 719 874 singulari
740 834 895 863 severitate
914 833 982 862 fuit.

97 875 223 906 Muren.
247 878 295 912 17.
318 888 336 907 a
362 877 403 915 Q.
425 878 566 908 Maximo
590 878 620 907 in
648 876 790 917 petitione
814 876 986 907 consulatus

98 918 238 949 vincitur.
261 920 350 950 Brut.
367 922 418 951 30.
435 931 505 951 cum
519 922 554 951 P.
566 920 684 950 Rutilio
695 919 885 950 consulatum
897 919 985 959 petit,

97 971 230 1002 eumque
259 963 371 999 vincit;
405 969 434 993 et
464 964 502 994 de
530 963 648 994 ambitu
677 968 796 992 accusat
818 962 985 999 Rutilium,

96 1005 136 1033 ab
163 1015 258 1045 eoque
283 1005 320 1036 de
346 1006 464 1036 ambitu
488 1012 644 1036 accusatur
669 1005 789 1035 frustra.
817 1004 906 1035 Conf.
929 1004 985 1035 Or.

98 1045 145 1084 ΙΙ,
169 1048 220 1078 69.
240 1048 329 1079 Offie.
357 1048 385 1085 I,
410 1051 464 1079 22.
489 1049 599 1079 resistit
622 1047 658 1079 C.
683 1048 794 1078 Mario.
826 1049 909 1078 Sext.
933 1048 984 1082 47.

98 1091 240 1121 omnibus
263 1092 422 1131 seditiosis,
447 1103 465 1122 a
487 1092 625 1122 Graccho
647 1091 686 1121 ad
709 1091 751 1129 Q.
776 1090 917 1127 Varium,
941 1101 988 1120 re-

98 1132 186 1163 sistit.
215 1134 291 1164 Har.
320 1135 414 1175 Resp.
440 1136 491 1165 20.
519 1134 689 1175 procuratio
712 1134 754 1163 rei
783 1133 989 1163 frumentariae

99 1175 126 1206 ei
155 1177 329 1214 mandatur,
360 1184 475 1208 remoto
502 1178 675 1208 Saturnino.
707 1180 748 1210 (v.
774 1178 814 1207 L.
840 1177 986 1207 Saturni-

99 1218 186 1258 nus.)
211 1219 311 1250 Deiot.
328 1223 375 1250 ll.
389 1232 406 1251 a
419 1221 485 1251 trib.
505 1222 546 1261 pl.
562 1220 620 1252 Cn.
634 1219 772 1250 Domitio
786 1220 988 1250 Ahenobarbo

99 1269 265 1292 accusatur.
283 1267 325 1296 (v.
342 1264 455 1294 Ascon.
469 1264 507 1293 ad
522 1264 597 1304 frag.
613 1263 670 1294 Or.
687 1273 732 1303 pr.
747 1264 866 1300 Scaur.)
890 1262 984 1292 Dom.

103 1306 151 1334 19.
167 1305 204 1335 de
218 1306 357 1346 pluribus
373 1309 462 1337 rebus
482 1307 575 1336 simul
595 1307 671 1336 ferre
691 1312 793 1335 contra
813 1306 911 1346 legem
929 1305 987 1334 Di-

99 1347 182 1377 diam
198 1359 300 1385 ausus,
316 1358 375 1378 non
391 1350 532 1380 obtinuit.
557 1350 629 1379 Nat.
646 1349 687 1378 D.
705 1349 753 1386 II,
770 1352 822 1379 23.
844 1349 984 1378 Mentem

101 1396 130 1420 et
146 1391 253 1420 Fidem
268 1391 299 1420 in
316 1392 466 1431 Capitolio
481 1392 606 1422 dedicat.
622 1392 659 1422 fr.
681 1391 736 1421 Or.
754 1403 798 1432 pr.
816 1392 918 1421 Scaur.
935 1401 984 1421 ac-

98 1439 220 1463 cusatur
235 1445 253 1463 a
269 1433 326 1464 Cn.
345 1434 495 1470 Domitio,
512 1436 552 1472 Q.
574 1434 701 1465 Servilio
723 1434 876 1474 Caepione,
897 1439 927 1464 et
942 1436 984 1471 Q.

102 1476 196 1506 Vario
212 1477 281 1506 trib.
297 1478 377 1517 pleb.
394 1478 447 1507 ubi
460 1478 519 1507 vid.
535 1480 649 1508 Ascon.
667 1477 738 1507 ibid.
752 1477 890 1517 princeps
901 1487 987 1507 sena-

101 1520 271 1550 ts1s.v.W
275 1520 411 1560 esseling.
438 1520 515 1551 Obs.
543 1521 571 1558 I,
600 1523 648 1550 11.
673 1520 777 1550 consul
800 1519 857 1549 fuit
880 1519 920 1549 A.
945 1520 986 1549 U.

101 1562 174 1591 638.
200 1563 337 1603 princeps
361 1565 480 1593 senatus
504 1543 598 1594 lectils
618 1574 636 1592 a
660 1563 698 1592 L.
725 1563 854 1593 Metello
877 1569 906 1592 et
928 1562 987 1593 Cn.

102 1604 241 1635 Domitio
261 1615 341 1635 anno
361 1606 487 1636 eodem.
511 1612 580 1647 post
602 1605 683 1636 idem
700 1615 804 1635 censor
824 1611 856 1635 et
878 1605 989 1636 iterum

101 1648 207 1677 consul
222 1648 289 1678 fuit.

149 1692 194 1720 Μ.
208 1692 361 1727 Scaurus,
375 1691 423 1721 M.
437 1691 581 1732 principis
602 1691 721 1721 senatus
736 1691 778 1720 fil.
788 1690 826 1721 de
838 1690 928 1721 Offic.
942 1691 990 1729 Π,

110 1734 157 1764 16.
179 1733 316 1765 imitatur
335 1734 370 1765 P.
393 1734 519 1765 Lentuli
542 1733 797 1774 magnificentiam
819 1734 988 1764 aedilitatis:
