1137 1848
276 65 425 97 INDEX
448 66 733 98 HISTORICUS.
892 68 954 97 383

70 152 154 183 mine
167 151 323 182 illustrius·
348 152 446 182 Acad.
463 152 524 189 IV,
544 155 571 182 1.
592 154 657 192 ejus
672 153 827 184 memoria.
843 153 907 185 Off.
926 154 954 189 I',

70 199 122 227 30.
135 195 312 231 taciturnus,
325 194 542 232 dissimulator,
553 196 668 226 insidiis
680 202 776 237 aptus.
787 197 827 227 ib.
841 196 877 227 ΙΙ
882 219 888 234 ,
901 200 952 227 20.

71 238 146 279 quid
160 237 345 278 responderit
359 238 569 279 interrogatus,
587 244 689 269 utrum
707 241 785 269 bono
802 241 864 270 viro
879 250 954 280 pau-

95 281 148 319 eri,
170 290 209 310 an
229 280 330 310 minus
350 282 475 321 probato
490 281 587 317 diviti,
609 282 703 311 filiam
723 283 887 313 collocaret.
911 283 953 313 ib.

72 292 139 361 PII,
158 326 206 353 11.
220 322 294 364 quid
312 323 421 353 dixerit
435 330 502 364 post
517 324 672 354 victoriam
688 326 751 364 ejus
767 326 850 360 belli,
871 325 953 365 quod

72 377 143 397 cum
170 366 270 396 Persis
292 366 407 396 habuit.
432 367 520 396 Brut.
546 367 593 396 11.
616 377 697 397 mors
719 369 783 407 ejus
806 368 952 398 fabulosa.

69 408 329 440 Themistocleum
356 409 525 439 consilium.
558 410 652 440 Attic.
678 410 721 447 X,
754 412 783 440 8.
811 411 954 441 tribuitur

68 452 226 492 Pompeio,
243 451 297 492 qui
312 451 514 490 existimabat,
527 453 581 493 qui
595 463 679 483 mare
694 458 804 490 teneat,
816 464 887 483 eum
901 463 954 483 ne-

64 505 144 526 cesse
158 504 220 524 esse
234 504 335 524 rerum
350 501 449 535 potu-1.

115 538 303 573 Theodectes,
317 537 494 575 Phaselites,
511 537 567 568 Or.
582 538 632 567 51.
646 539 697 574 57.
714 538 884 569 Aristotelis
900 550 954 569 au-

65 581 156 617 ditor,
175 580 207 610 in
227 586 290 610 arte
307 580 458 620 imprimis
478 581 617 618 oratoria,
646 581 780 622 itemque
801 581 952 612 Isocratis.

68 623 109 654 V.
126 623 228 653 Laert.
245 621 287 659 V,
305 626 355 652 24.
372 629 400 652 et
416 623 457 652 ibi
475 623 510 653 Μ
515 633 600 663 enag.
612 623 715 654 Valer.
731 625 779 654 Μ.
800 624 898 660 VIII,
918 627 950 654 3.

71 667 120 696 14.
137 672 166 696 et
176 665 302 696 Suidam
318 665 349 695 in
365 666 395 695 h.
412 676 441 696 v.
457 666 549 696 Tuse.
564 666 590 703 I,
602 668 652 696 ⁴24.
669 668 733 706 ejus
748 667 875 708 insignis
889 678 954 698 me-

69 709 174 739 moria.
198 708 329 746 Quintil.
349 707 424 738 Inst.
441 708 496 738 Or.
514 708 576 744 XI,
594 714 625 746 2,
642 711 698 739 &c-

117 753 303 788 leeodorus,
315 751 493 791 Byzantius,
510 752 600 782 Brut.
614 753 661 782 12.
678 752 810 793 sophista
825 753 953 784 Socratis

69 794 267 835 temporibus,
289 794 320 823 in
339 800 402 824 arte
425 794 554 831 subtilis,
573 795 604 824 in
624 795 807 825 orationibus
820 796 954 834 jejunus.

69 837 194 878 Scripsit
209 837 274 867 aliis
289 837 447 867 orationes.
463 836 549 867 Orat.
568 839 615 867 12.
633 848 651 867 a
666 839 786 868 Socrate
800 838 831 867 in
849 839 953 868 Plato-

68 881 116 911 nis
139 882 162 898 “
179 879 330 910 Phaedro”
352 880 523 920 appellatur
539 880 746 916 λεγοδαιὲαλος.
763 880 803 910 V.
819 881 952 918 Quintil.

70 923 138 961 III,
160 927 185 953 l.
202 922 299 963 Apud
315 922 486 958 La'e‘rtium,
504 922 550 959 II,
568 923 638 959 104,
657 923 795 953 civilibus
810 924 955 954 orationi-

68 967 125 997 bus
138 966 235 996 clarus
245 965 363 995 dicitur.
379 965 531 995 Caeterum
542 965 598 995 hoc
607 975 717 995 nomen
734 966 953 997 restituendum

67 1014 112 1039 est
129 1008 278 1045 Ciceroni,
295 1007 382 1038 Orat.
398 1018 424 1038 c.
446 1009 492 1038 13.
507 1019 561 1049 pro
578 1010 600 1026 ‘⁶
615 1008 845 1049 Thucydides.”

113 1051 285 1088 Theodorus,
304 1049 500 1091 Cyrenaicus,
518 1052 591 1081 Nat.
609 1051 650 1081 D.
665 1051 691 1087 I,
713 1055 738 1082 Ι.
756 1051 838 1081 Deos
854 1053 951 1083 tollit:

66 1094 149 1125 unde
163 1094 284 1124 Atheus
299 1093 409 1130 dictus,
431 1099 460 1123 et
475 1104 545 1124 cum
563 1094 707 1131 Athenis,
732 1100 797 1124 tum
815 1095 952 1135 Cyrenis,

66 1138 178 1176 ejectus
193 1143 246 1167 est.
264 1137 307 1178 (v.
326 1137 428 1167 La'ert.
444 1135 490 1174 II,
503 1138 552 1166 86.
573 1138 642 1167 101.
659 1143 736 1178 seq.)
747 1137 839 1168 Tusc.
854 1137 881 1174 1,
899 1139 951 1168 43.

66 1185 196 1211 mortem
220 1179 373 1210 crudelem
389 1180 565 1216 contemnit,
590 1190 683 1220 quam
699 1180 726 1210 ei
740 1191 793 1210 rex
810 1181 952 1221 Lysima-

65 1223 141 1254 chus
166 1222 301 1252 minatur
323 1229 447 1263 propter
469 1223 639 1253 libertatem
664 1223 786 1263 linguae.
810 1224 861 1253 Ad
881 1234 952 1255 eum

67 1266 178 1296 missus
193 1271 255 1296 erat
270 1276 289 1295 a
304 1265 482 1303 Ptolemaeo,
499 1265 578 1306 Lagi
594 1266 668 1302 filio,
693 1266 775 1306 apud
791 1276 882 1307 quem
897 1267 951 1297 diu

68 1314 204 1339 moratus
220 1314 273 1339 est.
283 1308 386 1338 La’ejrt.
402 1309 423 1338 1.
439 1319 464 1339 c.
485 1311 556 1339 102.
580 1308 634 1338 Ab
646 1319 680 1339 eo
695 1309 837 1339 dicuntur
850 1309 953 1339 Theo-

65 1351 152 1382 dorii.
182 1350 265 1382 Cave
291 1350 457 1381 confundas
480 1362 550 1382 cum
581 1351 743 1382 Theodoro
773 1351 952 1392 Cyrenaico,

65 1394 231 1436 geometra,
248 1404 309 1434 quo
320 1394 409 1424 Plato
423 1400 604 1435 praeceptore
614 1405 688 1424 usus
700 1400 754 1432 est,
771 1395 858 1433 cujus
867 1404 954 1425 men-

66 1438 181 1468 tionem
196 1437 287 1467 etiam
302 1437 475 1477 Xenophon
491 1437 562 1467 facit
575 1436 607 1466 in
623 1437 818 1468 Memorabil.

111 1479 287 1518 Theodorus,
304 1479 393 1509 Verr.
409 1479 452 1516 V,
469 1480 519 1509 51.
531 1480 683 1510 Ennensis
695 1486 821 1511 senator.

112 1522 297 1561 Theodosius,
322 1522 399 1552 Har.
416 1522 510 1562 Resp·
528 1524 577 1553 16.
595 1522 701 1553 Chius.

112 1566 328 1603 Theomnastus,
353 1565 442 1595 Verr.
460 1565 524 1603 III,
541 1567 592 1596 21.
609 1566 824 1606 Syracusanus.
845 1566 949 1597 Theo-

64 1614 164 1641 ractus
175 1608 284 1639 dicitur
299 1609 491 1639 contumeliae
506 1608 605 1639 causa.

110 1652 303 1691 Theophanes,
326 1652 534 1692 Mitylenaeus,
559 1651 610 1682 sed
635 1657 665 1682 et
681 1651 808 1682 Lesbius
826 1652 946 1689 dicitur,

65 1695 162 1726 Arch.
181 1697 230 1726 10.
246 1694 315 1725 Att.
333 1695 381 1731 II,
398 1697 429 1725 5.
445 1705 491 1725 res
518 1695 657 1735 Pompeii
672 1694 790 1735 scripsit
805 1695 948 1726 versibus.

65 1739 119 1769 Ab
137 1748 172 1771 eo
190 1738 308 1769 civitate
320 1737 448 1769 donatus
463 1743 516 1768 est.
540 1738 630 1768 Unde
640 1738 750 1779 posteri
771 1737 836 1777 ejus
853 1738 947 1768 Pom·
