1137 1848
286 77 434 110 INDEX
458 78 741 111 HISTORICUS.
899 80 957 109 291

74 168 225 194 auctorem
244 164 395 195 habebant
420 164 655 205 Xenophanem,
682 165 824 195 Eleaticae
849 164 958 194 scholae

73 206 267 236 conditorem.

120 248 320 288 Megarz'stus,
344 250 385 288 Q.
402 250 453 280 Fr.
472 249 499 287 I,
519 254 546 281 l.
562 253 614 279 222.
635 250 771 291 queritur
792 251 828 280 de
844 250 885 288 Q.
903 249 958 281 Ci-

76 301 181 321 cerone
196 299 385 332 propraetore.

120 334 275 374 Megiltus,
292 335 551 371 Lacedaemonius,
580 336 655 375 Leg.
673 336 702 371 Ι,
726 337 755 365 4.
774 335 827 376 qui
842 335 959 365 induci-

78 382 128 406 tur
148 378 273 418 loquens
294 389 364 409 cum
385 381 506 409 Socrate
521 378 602 418 apud
619 378 778 408 Platonem
794 379 824 407 in
841 378 960 418 dialogo

74 418 113 449 de
129 419 273 460 Legibus.

118 463 279 502 Megz'stus‚
298 464 384 494 Verr.
399 464 440 500 V,
457 465 508 494 26.
525 464 679 493 Elorinus.

118 507 222 543 ΙΙΙεΙα,
241 507 320 536 Phil.
342 506 441 544 XIII,
459 511 488 536 2.
512 507 641 537 Antonii
657 507 794 536 collusor.

119 550 307 588 stselampus,
324 551 365 580 N.
383 551 423 579 D.
442 549 507 587 ΙΙΙ,
526 550 578 579 21.
594 550 681 579 Atrei
696 549 785 579 filius.
817 550 891 589 Leg.
910 548 956 585 ΙΙ,

79 594 128 621 13.
152 592 357 632 Melampodis
372 593 522 633 praedicta.

120 634 320 673 Melanthius,
346 636 497 673 Rhodius,
526 635 626 666 Acad.
652 635 713 671 IV,
739 636 767 664 6.
793 634 958 675 discipulus

76 676 250 714 Carneadis,
267 678 298 707 in
315 688 375 718 quo
390 679 558 718 plurimum
574 678 729 708 suavitatis
740 677 807 707 fuit.

122 721 245 755 Melete,
261 720 298 750 de
315 721 357 751 N.
372 720 413 750 D.
432 720 496 759 ΙΙΙ,
513 722 563 751 21.
582 721 675 751 Musa
701 730 739 750 ex
762 720 867 761 primis
882 731 958 761 qua-

78 768 159 800 tuor,
172 764 249 793 natis
264 764 343 794 Jove
357 764 459 794 altero.

120 806 274 843 Melissus,
290 806 386 836 Acad.
402 807 461 844 IV,
479 807 529 841 37.
555 806 623 836 Hoc
633 806 787 836 infinitum
799 812 828 836 et
842 806 957 835 immu-

76 849 167 879 tabile
182 859 299 889 semper
317 849 407 880 fuisse
427 856 456 879 et
471 849 542 879 fore.
567 849 686 879 Samius
701 849 769 885 fuit,
786 859 846 879 non
862 848 961 888 philo-

78 892 181 931 sophia
197 892 292 932 magis
308 902 401 932 quam
422 893 510 922 rebus
534 892 624 931 gestis
640 893 747 927 clarus,
766 891 958 921 Parmenidis

78 934 253 975 discipulus.
272 935 311 964 V.
328 935 429 966 La'e'rt.
447 934 509 971 IX,
526 936 576 964 24.
593 941 622 964 et
636 935 678 964 ibi
694 934 819 974 Menag.

85 991 87 993 ·
120 978 173 1016 Sp.
200 978 329 1015 ,Me-Iius,
346 988 368 1007 s.
387 979 525 1013 JIIaelius,
551 977 642 1007 Catil.
667 978 694 1014 I,
724 981 751 1006 1.
779 988 796 1006 a
821 976 863 1014 Q.
892 977 960 1006 Ser-

76 1020 148 1050 vilio
164 1021 267 1050 Ahala
279 1020 463 1051 interficitur.
481 1020 528 1050 Cf.
552 1020 646 1050 Dom.
669 1021 720 1050 38.
745 1020 845 1049 Amic.
862 1021 891 1048 8.
906 1023 919 1049 l
930 1023 957 1049 1.

75 1062 113 1092 de
135 1063 250 1093 Senect.
274 1067 320 1093 16.
336 1074 464 1104 regnum
479 1064 601 1104 appetit.

120 1106 153 1135 C.
184 1107 365 1144 ῙῑῙειηφηίιιε,
390 1106 480 1136 frater
508 1107 545 1136 L.
572 1106 725 1142 Memmii,
752 1105 807 1135 Or.
832 1105 879 1142 ΙΙ,
907 1107 959 1136 59.

77 1148 167 1178 Brut.
184 1150 235 1178 36.
253 1150 343 1179 homo
358 1149 496 1187 mordax,
513 1155 612 1178 orator
626 1148 793 1185 mediocris,
807 1155 960 1179 accusator

75 1201 142 1220 acer
165 1197 194 1221 et
213 1193 346 1222 acerbus.
362 1191 402 1222 ib.
427 1193 477 1227 70.
503 1198 621 1221 accusat
644 1192 790 1221 Bestiam.
814 1192 903 1221 Font.
928 1193 958 1226 7.

75 1233 113 1263 de
128 1235 301 1275 repetundis
316 1241 481 1264 accusatur.
506 1235 609 1264 Scauri
626 1234 831 1264 testimonium
841 1234 872 1263 in
888 1245 959 1264 eum

75 1276 152 1306 nihil
169 1277 257 1307 valet.
283 1276 373 1307 Catil.
387 1277 447 1313 IV,
460 1279 490 1306 2.
506 1287 524 1306 a
539 1277 702 1307 Saturnino
717 1276 902 1306 interficitur.

122 1319 155 1348 (¹.
174 1319 349 1357 Memmius,
363 1320 400 1349 L.
414 1320 455 1349 fil.
469 1321 557 1349 Brut.
573 1321 623 1354 70.
634 1320 781 1359 perfectus
791 1319 894 1355 literis,
906 1320 957 1350 sed

79 1362 204 1399 Graecis,
231 1363 345 1392 fastidit
361 1362 503 1392 Latinas:
529 1369 652 1402 argutus
675 1369 704 1391 et
728 1362 824 1391 duleis
838 1368 956 1397 oraton

76 1404 127 1434 sed
142 1415 251 1444 parum
267 1405 358 1435 studii
379 1405 557 1445 eloquentiae
576 1405 689 1434 tribuit.
712 1406 778 1434 Att.
797 1405 824 1441 Ι,
844 1405 890 1435 18.
907 1406 955 1434 M.

78 1447 201 1477 Luculh’
223 1454 251 1477 et
267 1448 324 1478 Cn.
348 1448 490 1488 Pompeii
505 1457 613 1477 uxores
628 1448 783 1488 stupravit.
807 1448 957 1478 Lucullus

76 1496 121 1519 est
150 1491 324 1529 ΙΙΙΕηείὶὶιιε,
365 1490 529 1530 Pompeius
555 1490 776 1528 Agememnon.
812 1491 902 1520 Balb.
927 1494 956 1521 2.

77 1532 216 1573 Pompeii
232 1540 361 1574 quaestor
376 1533 455 1563 bello
470 1533 649 1563 Sertoriano.
660 1533 698 1563 ad
714 1534 754 1571 Q.
772 1533 821 1562 Fr.
838 1533 866 1570 Ι,
883 1536 912 1562 2.
926 1536 956 1563 5.

75 1582 196 1615 praetor,
207 1577 321 1607 Bibulo
334 1582 362 1606 et
374 1575 491 1607 Caesare
506 1586 578 1605 coss.
595 1575 667 1606 Vat.
682 1577 729 1605 14.
747 1582 854 1617 praetor
871 1577 958 1607 Vati-

75 1617 162 1647 nium
171 1619 272 1649 adesse
280 1620 378 1658 jubet,
387 1618 581 1659 quaestionem
589 1618 620 1647 in
629 1629 699 1648 eum
705 1619 862 1649 habiturus
872 1629 887 1648 e
894 1619 960 1660 lege

78 1660 196 1690 LIcinia
210 1661 318 1692 Junia.
341 1663 407 1691 Att.
424 1660 483 1698 IV,
506 1663 552 1691 16.
569 1662 617 1691 18.
628 1662 764 1692 enuntiat
778 1662 959 1702 pactionem-1,

77 1713 170 1743 quam
186 1703 249 1744 ipse
264 1710 293 1734 et
308 1704 484 1744 competitor
499 1704 654 1734 Domitius
668 1714 738 1734 cum
761 1715 833 1735 coss.
854 1705 960 1744 Appio

79 1751 109 1775 et
123 1745 328 1779 Ahenobarbo
342 1747 380 1778 de
394 1747 552 1778 consulatu
568 1746 706 1778 fecerant.
723 1747 761 1778 ad
771 1747 841 1779 Div.
860 1747 927 1776 XII
932 1747 946 1776 I
951 1769 959 1783 ,
