1137 1848
353 65 501 98 INDEX
525 65 812 98 HISTORICUS.
963 69 1028 98 223

148 150 283 188 Celsum,
308 151 361 182 lib.
387 151 415 189 I,
442 152 527 193 praef.
553 152 606 182 ubi
627 152 762 192 primum
788 152 983 194 Serapionem
1004 164 1035 185 se

146 193 340 234 Empiricum
355 195 522 235 professum
539 205 601 225 esse
616 195 697 225 dicit.

190 237 411 275 Emplcztorius,
437 239 474 268 ad
502 238 574 267 Div.
592 237 619 275 I,
639 239 668 266 8.
694 247 803 267 nomen
830 238 963 269 hominis
981 240 1036 270 ob-

148 279 247 314 scuri3
267 289 327 310 non
343 281 461 310 videtur
476 282 654 311 Romanum
665 291 735 311 esse.

189 323 387 362 Endymion,
405 324 475 354 Fin.
499 324 542 362 V,
570 326 622 354 20.
644 324 710 362 ejus
734 333 867 354 somnus.
892 324 984 355 Tusc.
1004 325 1033 363 I,

191 408 362 449 Engonasi,
383 409 456 439 Nat.
473 409 515 439 D.
534 408 579 446 II,
597 412 647 438 42.
664 408 755 438 sidus.

190 451 238 480 M.
257 452 389 488 Ennius,
404 452 469 482 Att.
486 452 562 491 XV,
580 455 631 482 526.
647 451 698 482 sed
710 457 883 492 suspectum
899 458 943 482 est
959 452 1033 483 Cor-

147 493 219 523 rado
235 493 291 524 hoc
302 504 423 524 nomen.

191 538 226 572 Q.
245 538 383 574 Ennius,
406 537 444 567 ad
467 537 541 567 Her.
568 538 615 574 ΙΙ,
632 539 684 567 22.
710 537 832 567 Rudius
847 548 863 567 e
879 538 1031 576 Calabrifi,

145 582 236 618 pob'ta
257 590 312 609 suo
331 586 465 620 tempore
488 587 643 620 praestans,
670 580 864 620 Scipionique
887 580 1032 611 Africano

146 629 303 662 propterea
318 623 454 653 dilectus.
478 623 518 653 V.
535 635 564 664 p.
581 621 705 653 Archi-22.
727 626 756 653 9.
774 623 919 653 Fulvium
930 630 1032 654 contra

146 665 265 694 AEtolos
281 666 396 695 bellum
419 672 571 706 gerentem
595 666 754 696 comitatus
778 671 830 695 est.
853 666 951 695 Acad.
969 666 1029 704 IV,

142 709 194 742 27.
212 708 342 737 somniat
358 719 388 738 se
407 719 468 738 esse
486 709 669 738 Homerum.
693 708 792 738 Acad.
811 708 872 745 IV,
899 709 947 738 16.
965 710 1030 748 ejus

144 749 357 790 Epicharmus.
381 751 418 781 de
440 751 544 782 Divin.
574 751 601 789 I,
632 752 680 781 13.
709 752 774 790 ejus
802 751 1028 782 Andromacha.

145 794 201 822 &c.

189 836 437 875 Epaminondam
461 837 500 867 ad
516 836 588 867 Div.
609 837 651 875 V,
671 837 721 875 12,
741 836 823 877 apud
839 836 1031 867 Mantineam

143 886 281 908 moritur.

188 922 339 961 Ephorus,
357 922 412 952 Or.
438 921 484 959 II,
505 924 553 952 13.
569 923 620 953 23.
646 923 735 953 Brut.
752 923 803 951 56.
828 921 883 952 Or.
907 923 959 951 51.
975 922 1026 957 57.

142 964 300 1001 Cumaeus,
337 965 477 995 Isocratis
507 966 686 1006 discipulus,
717 965 873 995 historiam
903 965 1028 1005 scripsit.

142 1006 192 1037 De
216 1018 249 1037 eo
265 1007 324 1038 vid.
342 1008 430 1038 Voss.
452 1008 489 1037 de
508 1009 590 1038 Hist.
617 1009 671 1038 Gr.
689 1009 718 1045 I,
741 1009 772 1043 7.
796 1008 877 1038 Cave
902 1008 1030 1038 confun-

141 1049 195 1080 das
211 1061 280 1080 cum
296 1050 422 1091 Ephoro
437 1050 588 1089 Cumano,
605 1051 678 1081 item
693 1050 844 1088 historico,
861 1050 912 1081 sed
927 1060 1028 1081 recen-

140 1098 218 1123 tlori.

186 1136 405 1175 Epicharmus,
430 1137 523 1167 Tusc.
542 1136 569 1173 I,
587 1138 616 1166 3.
640 1137 771 1173 Siculus,
796 1136 886 1176 poeta
911 1142 1027 1167 acutus.

141 1178 180 1209 ad
196 1181 263 1208 Att.
278 1180 305 1217 I,
327 1180 374 1210 19.
399 1180 519 1210 Siculus
541 1180 662 1217 dicitur,
683 1180 756 1220 quia
771 1179 821 1209 vix
837 1179 993 1209 trimestris
1012 1190 1028 1210 e

141 1221 239 1262 patrizi
254 1222 285 1251 in
308 1222 443 1252 Siciliam
460 1223 541 1253 venit
555 1235 562 1253 ε
588 1228 632 1252 est
656 1223 736 1252 enim
753 1222 784 1252 in
800 1222 901 1251 insula
917 1222 961 1252 Co
973 1231 1028 1252 na-

142 1271 200 1294 tus.
226 1265 444 1304 Pythagoricus
468 1265 537 1301 fuit,
562 1272 590 1295 et
612 1266 703 1295 simul
724 1265 854 1295 comicus
874 1265 972 1305 po'eta,
997 1271 1027 1295 et

140 1307 265 1348 quidem
290 1308 395 1338 veteris
421 1309 582 1338 comoediae.
616 1308 704 1338 Vixit
729 1314 861 1348 tempore
882 1307 1024 1337 Hieronis

142 1350 274 1390 tyranni.
309 1349 358 1379 De
379 1361 413 1380 eo
429 1351 488 1381 vid.
506 1362 533 1381 v.
549 1362 574 1381 c.
593 1350 753 1381 Iamblich.
776 1350 839 1380 Vit.
866 1350 956 1390 Pyth.
973 1352 1025 1381 29.

142 1393 199 1422 &c.
227 1392 330 1422 Laert.
347 1392 444 1432 VIII,
461 1395 512 1429 78.
541 1392 638 1424 Acad.
664 1394 724 1431 IV,
752 1394 799 1423 16.
822 1392 1025 1433 Epicharmus

142 1440 187 1465 est
202 1435 278 1465 liber
293 1435 398 1465 Ennii.

184 1479 361 1517 Epiclerus,
378 1478 415 1508 de
430 1478 532 1511 Amic·
548 1480 599 1509 26.
615 1479 727 1510 fabulae
741 1489 862 1510 nomen.

187 1521 356 1559 Epicrates,
371 1521 436 1551 Att.
458 1522 505 1560 II,
526 1523 573 1552 13.
593 1528 636 1552 est
653 1522 816 1562 Pompeius
832 1521 881 1551 M.

158 1605 165 1612 ·
187 1564 358 1603 Epicrates,
374 1564 413 1594 ad
428 1564 500 1594 Div.
517 1564 612 1603 XVI,
630 1568 682 1596 21.
696 1565 835 1606 princeps
856 1564 1027 1595 Athenien-

142 1616 233 1636 smm.

158 1690 168 1720 1
187 1649 359 1688 Epicrates,
378 1650 466 1680 Verr.
489 1649 554 1689 ΙΙΙ,
572 1652 602 1682 9.
619 1650 829 1691 Agyrinensis,
854 1650 946 1681 frater
970 1651 1026 1681 So-

143 1701 158 1721 s
169 1702 233 1732 ppl-

186 1735 363 1776 Epicrates,
379 1736 469 1769 Verr.
490 1735 554 1776 ΙΙΙ,
573 1739 624 1767 21.
640 1736 781 1769 Bidinus.
