1122 1868
141 88 199 118 154
354 90 501 122 INDEX
524 91 556 122 H
562 91 811 123 ISTORICUS.

181 173 214 204 C.
233 175 367 206 Amanus
382 176 582 215 Philoxenus,
599 177 638 207 ad
656 178 728 208 Div.
744 176 845 216 XIII,
862 178 915 208 35.
937 178 1026 209 Sicu-

135 217 196 254 lus,
224 229 242 248 a
266 218 383 249 Caesare
406 219 437 249 in
461 220 704 251 Novocomenses
728 221 850 257 relatus,
873 221 1025 252 Ciceronis

134 261 289 292 beneficio.
320 263 441 292 Nomen
462 264 603 293 assumsit
623 264 722 294 Flacci
739 264 865 301 Aviani,
888 265 969 306 quod
988 275 1023 294 eo

135 302 368 335 familiarissime
382 316 455 335 usus
471 312 543 344 erat,
557 317 627 336 cum
640 307 738 336 Tullii
748 317 858 337 nomen
870 317 1022 338 assumere

135 345 286 377 debuisset
298 349 336 377 ob
351 348 541 378 beneficium.

179 390 313 425 Avidius,
325 390 399 431 Leg.
417 390 463 428 ΙΙ,
480 393 510 421 3.
526 391 635 422 dicitur
649 403 667 422 a
680 392 830 433 Pompeio
841 398 870 422 et
880 393 1023 424 Cicerone

134 431 274 463 defensus
300 443 381 463 esse:
414 444 469 475 pro
498 445 559 475 quo
582 435 689 467 Davis.
718 446 789 466 cum
819 435 964 466 Manutio
995 441 1026 466 et

138 475 250 506 Lamb.
270 475 386 506 Bulbus.

179 518 308 557 Αυίιίιιε,
323 519 462 557 Larinas,
481 519 602 550 Cluent.
624 524 671 552 13.

179 561 299 595 Avitus,
317 562 372 592 Or.
390 566 441 592 29.
462 568 506 592 est
522 563 693 602 Cluentius,
713 575 768 605 pro
783 574 845 606 quo
860 570 904 595 est
918 564 1023 595 oratio.

178 604 285 640 Αυὶιιε,
305 605 352 635 vel
369 605 479 643 Aulus,
495 606 563 636 Att.
580 606 661 645 XII,
684 609 713 637 ὁ.
735 607 812 638 forte
827 613 870 637 est
885 613 1023 648 argenta-

135 646 208 683 rius,
228 648 293 676 Att.
310 647 411 686 XIII,
429 649 458 677 4.

178 691 225 720 Μ.
246 691 392 725 Auluuus,
411 701 434 720 s.
452 691 612 727 Aulianus,
633 692 717 723 Sext.
738 694 768 722 4.
789 692 930 723 tribunus
945 692 1027 721 mili-

138 737 206 762 tum
222 732 257 763 C.
270 733 412 771 Antonii,
425 734 631 773 Catilinarius,
645 746 663 765 a
680 736 715 765 P.
735 736 838 766 Sextio
850 735 958 776 Capua
973 745 1026 765 ex-

141 775 275 815 pellitur.

185 820 317 854 nfideles,
334 819 473 849 Postum.
495 823 542 851 10.
558 826 602 850 est
618 830 784 861 cognomen
795 820 963 860 Ptolemaei,
975 821 1028 862 qui

144 870 238 901 regno
252 861 359 901 pulsus
375 868 428 893 est.

179 905 289 937 Aulus,
306 905 374 935 Att.
391 905 453 943 VI,
471 909 500 935 2.
516 911 560 936 est
576 907 735 938 Gabinius.
758 906 832 937 Vid.
852 906 934 937 Aule·
949 908 1024 937 Lex.

181 948 256 976 Auli
270 947 362 985 filius,
382 948 446 979 Att.
463 948 490 986 Ι,
512 953 564 980 20.
595 950 756 989 Afranius,
776 950 844 980 Att.
861 949 889 988 Ι,
912 951 959 981 16.
982 956 1026 981 est

143 989 224 1020 idem
241 990 278 1020 L.
296 991 452 1021 Afranius.

184 1033 314 1062 Aurata.
334 1033 389 1064 Or.
413 1035 441 1072 Ι,
458 1035 511 1065 39.
528 1041 571 1065 est
590 1036 681 1066 Orata
693 1048 704 1066 .-
728 1036 766 1066 de
781 1045 841 1076 quo
857 1035 942 1066 infra.
968 1036 1032 1067 Cur

139 1075 190 1105 hic
206 1076 351 1107 scribatur
366 1078 495 1116 Aurata,
514 1078 647 1119 lepidam
663 1080 810 1109 rationem
825 1078 910 1108 affert
926 1079 1030 1120 Chap-

138 1127 270 1148 mannus
286 1119 316 1149 in
333 1120 410 1149 notis
430 1121 598 1151 Pearcianis
610 1121 648 1151 ad
664 1122 754 1152 Offic.
772 1120 837 1161 ΙΙΙ,
860 1123 906 1152 16.

179 1162 377 1199 Aurelianus,
395 1163 464 1192 Att.
481 1163 540 1201 IV,
562 1165 609 1195 16.

179 1204 333 1240 Aurelius,
347 1205 416 1237 Att.
432 1206 492 1244 IV,
509 1208 539 1237 9.
557 1208 595 1237 ab
613 1207 717 1238 Hirtio
734 1207 894 1238 Germanis
909 1217 1026 1248 praepo-

143 1246 228 1277 situs.

179 1290 337 1328 Aurelius,
353 1291 392 1320 ad
408 1291 526 1324 Divers.
547 1292 642 1332 XVI,
659 1295 710 1324 24.
727 1293 766 1324 ad
781 1293 849 1323 Att.
861 1292 956 1331 XVI,
978 1296 1026 1325 15.

142 1332 269 1362 creditor
285 1333 448 1365 Ciceronis.

183 1377 212 1405 (ζ
228 1376 380 1412 Aurelius,
398 1378 483 1408 Verr.
502 1377 550 1417 II,
564 1380 615 1409 50.
632 1380 735 1409 consul
750 1379 793 1409 A.
810 1379 851 1410 U.
868 1379 940 1414 678.
957 1389 1028 1409 curn

142 1416 181 1446 L.
198 1418 337 1448 Octavio.

183 1461 216 1490 L.
231 1466 260 1490 et
273 1463 302 1490 (ζ
315 1462 446 1499 Aurelii,
458 1463 495 1493 L.
510 1464 576 1503 fflii,
590 1463 717 1503 Orestae,
729 1464 767 1494 ad
777 1464 850 1495 Div.
860 1463 961 1502 XIII,
974 1465 1027 1495 39.

137 1503 286 1533 orationes
302 1505 499 1545 reliquerunt.

179 1545 229 1575 M.
254 1546 400 1577 Aurehus
427 1552 567 1588 Scaurus,
598 1550 687 1580 Brut.
712 1551 764 1580 35.
790 1549 901 1580 Latine
930 1549 1019 1587 dixit,

136 1587 266 1622 (Consul
293 1589 332 1618 A.
351 1591 389 1619 U.
413 1592 501 1628 656.)
522 1592 554 1621 in
577 1593 618 1630 Q.
636 1592 739 1623 Caecil.
760 1596 806 1623 19.
830 1592 971 1630 Quaestor
987 1593 1026 1622 L.

136 1630 247 1661 Flacci.
265 1631 410 1663 Flaccum
434 1634 460 1663 ei
478 1645 616 1665 accusare
634 1645 695 1666 non
717 1635 912 1676 permittitur.
937 1635 1026 1665 Verr.

136 1671 183 1710 ΙΙ,
196 1675 248 1704 33.
271 1674 386 1715 Ephesi
402 1677 572 1716 prohibitus
594 1684 638 1708 est
653 1689 773 1708 servum
789 1689 804 1708 e
820 1678 934 1718 templo
949 1677 1026 1708 Dia-

140 1725 189 1746 nae
203 1716 362 1748 abducere.

178 1760 220 1789 L.
236 1759 375 1801 Aurifex,
393 1761 479 1792 Orat.
498 1762 544 1801 ΙΙ,
561 1764 612 1793 60.
629 1774 721 1804 eques
738 1763 907 1794 Romanus.
