<?xml version="1.0" encoding="UTF-8"?>
<!DOCTYPE html PUBLIC "-//W3C//DTD XHTML 1.0 Transitional//EN"
    "http://www.w3.org/TR/xhtml1/DTD/xhtml1-transitional.dtd">
<html xmlns="http://www.w3.org/1999/xhtml" xml:lang="en" lang="en">
 <head>
  <title>
</title>
<meta http-equiv="Content-Type" content="text/html;charset=utf-8" />
  <meta name='ocr-system' content='tesseract 3.04.00' />
  <meta name='ocr-capabilities' content='ocr_page ocr_carea ocr_par ocr_line ocrx_word'/>
</head>
<body>
  <div class='ocr_page' id='page_1' title='image "./operaern12ciceuoft_0063.png"; bbox 0 0 1137 1848; ppageno 0'>
   <div class='ocr_carea' id='block_1_1' title="bbox 330 82 945 116">
    <p class='ocr_par' dir='ltr' id='par_1_1' title="bbox 330 82 945 116">
     <span class='ocr_line' id='line_1_1' title="bbox 330 82 945 116; baseline -0.007 -1"><span class='ocrx_word' id='word_1_1' title='bbox 330 83 481 116; x_wconf 87' lang='lat' dir='ltr'>INDEX</span> <span class='ocrx_word' id='word_1_2' title='bbox 503 83 680 116; x_wconf 79' lang='lat' dir='ltr'>LEGUM.</span> <span class='ocrx_word' id='word_1_3' title='bbox 905 82 945 111; x_wconf 85' lang='lat'>51</span> 
     </span>
    </p>
   </div>
   <div class='ocr_carea' id='block_1_2' title="bbox 48 168 953 1799">
    <p class='ocr_par' dir='ltr' id='par_1_2' title="bbox 48 168 951 886">
     <span class='ocr_line' id='line_1_2' title="bbox 53 168 945 208; baseline -0.002 -10"><span class='ocrx_word' id='word_1_4' title='bbox 53 169 253 208; x_wconf 67' lang='lat' dir='ltr'>praeposuisse,</span> <span class='ocrx_word' id='word_1_5' title='bbox 269 170 354 201; x_wconf 77' lang='lat' dir='ltr'>dicet.</span> <span class='ocrx_word' id='word_1_6' title='bbox 379 170 457 202; x_wconf 87' lang='lat' dir='ltr'>Haec</span> <span class='ocrx_word' id='word_1_7' title='bbox 472 169 601 201; x_wconf 82' lang='lat' dir='ltr'>tenenda</span> <span class='ocrx_word' id='word_1_8' title='bbox 616 176 687 201; x_wconf 83' lang='lat' dir='ltr'>sunt</span> <span class='ocrx_word' id='word_1_9' title='bbox 701 168 860 206; x_wconf 85' lang='lat' dir='ltr'>tironibus,</span> <span class='ocrx_word' id='word_1_10' title='bbox 874 177 945 198; x_wconf 86' lang='lat' dir='ltr'>cum</span> 
     </span>
     <span class='ocr_line' id='line_1_3' title="bbox 56 210 949 253; baseline -0.002 -12"><span class='ocrx_word' id='word_1_11' title='bbox 56 211 173 252; x_wconf 85' lang='lat' dir='ltr'>legunt,</span> <span class='ocrx_word' id='word_1_12' title='bbox 186 222 255 253; x_wconf 86' lang='lat' dir='ltr'>quae</span> <span class='ocrx_word' id='word_1_13' title='bbox 270 213 412 253; x_wconf 84' lang='lat' dir='ltr'>Sigonius</span> <span class='ocrx_word' id='word_1_14' title='bbox 423 214 461 244; x_wconf 87' lang='lat' dir='ltr'>de</span> <span class='ocrx_word' id='word_1_15' title='bbox 475 214 497 244; x_wconf 82' lang='lat' dir='ltr'><em>J</em></span> <span class='ocrx_word' id='word_1_16' title='bbox 500 213 617 249; x_wconf 77' lang='lat' dir='ltr'>udiciis,</span> <span class='ocrx_word' id='word_1_17' title='bbox 632 213 685 244; x_wconf 86' lang='lat' dir='ltr'>lib.</span> <span class='ocrx_word' id='word_1_18' title='bbox 697 213 764 249; x_wconf 87' lang='grc' dir='ltr'>ΙΙΙ,</span> <span class='ocrx_word' id='word_1_19' title='bbox 781 222 805 242; x_wconf 87' lang='lat' dir='ltr'>c.</span> <span class='ocrx_word' id='word_1_20' title='bbox 821 212 849 249; x_wconf 87' lang='grc'>1,</span> <span class='ocrx_word' id='word_1_21' title='bbox 866 212 897 247; x_wconf 77' lang='grc'>2,</span> <span class='ocrx_word' id='word_1_22' title='bbox 911 210 949 240; x_wconf 83' lang='lat' dir='ltr'>de</span> 
     </span>
     <span class='ocr_line' id='line_1_4' title="bbox 52 255 945 298; baseline -0.001 -15"><span class='ocrx_word' id='word_1_23' title='bbox 52 255 154 294; x_wconf 74' lang='lat' dir='ltr'>papuli</span> <span class='ocrx_word' id='word_1_24' title='bbox 164 257 283 294; x_wconf 75' lang='lat' dir='ltr'>judicio</span> <span class='ocrx_word' id='word_1_25' title='bbox 298 256 385 286; x_wconf 82' lang='lat' dir='ltr'>dixit.</span> <span class='ocrx_word' id='word_1_26' title='bbox 416 257 527 298; x_wconf 87' lang='lat' dir='ltr'>Neque</span> <span class='ocrx_word' id='word_1_27' title='bbox 542 256 623 286; x_wconf 84' lang='lat' dir='ltr'>enim</span> <span class='ocrx_word' id='word_1_28' title='bbox 639 256 711 286; x_wconf 83' lang='lat' dir='ltr'>satis</span> <span class='ocrx_word' id='word_1_29' title='bbox 726 255 865 285; x_wconf 79' lang='lat' dir='ltr'>distincte</span> <span class='ocrx_word' id='word_1_30' title='bbox 879 264 945 283; x_wconf 77' lang='lat' dir='ltr'>rem</span> 
     </span>
     <span class='ocr_line' id='line_1_5' title="bbox 54 296 947 340; baseline -0.002 -13"><span class='ocrx_word' id='word_1_31' title='bbox 54 297 200 335; x_wconf 79' lang='lat' dir='ltr'>tradidit3</span> <span class='ocrx_word' id='word_1_32' title='bbox 225 304 255 329; x_wconf 83' lang='lat' dir='ltr'>et</span> <span class='ocrx_word' id='word_1_33' title='bbox 270 310 304 330; x_wconf 81' lang='lat' dir='ltr'>ea</span> <span class='ocrx_word' id='word_1_34' title='bbox 324 306 470 340; x_wconf 73' lang='lat' dir='ltr'>tempora,</span> <span class='ocrx_word' id='word_1_35' title='bbox 488 299 599 340; x_wconf 87' lang='lat' dir='ltr'>quibus</span> <span class='ocrx_word' id='word_1_36' title='bbox 613 309 717 329; x_wconf 82' lang='lat' dir='ltr'>omnes</span> <span class='ocrx_word' id='word_1_37' title='bbox 732 308 829 328; x_wconf 77' lang='lat' dir='ltr'>causae</span> <span class='ocrx_word' id='word_1_38' title='bbox 844 296 947 337; x_wconf 85' lang='lat' dir='ltr'>publi-</span> 
     </span>
     <span class='ocr_line' id='line_1_6' title="bbox 55 339 947 383; baseline -0.003 -13"><span class='ocrx_word' id='word_1_39' title='bbox 55 350 98 370; x_wconf 87' lang='lat' dir='ltr'>cae</span> <span class='ocrx_word' id='word_1_40' title='bbox 127 340 165 370; x_wconf 84' lang='lat' dir='ltr'>ad</span> <span class='ocrx_word' id='word_1_41' title='bbox 188 343 339 382; x_wconf 89' lang='lat' dir='ltr'>populum</span> <span class='ocrx_word' id='word_1_42' title='bbox 368 344 546 383; x_wconf 74' lang='lat' dir='ltr'>agebantur,</span> <span class='ocrx_word' id='word_1_43' title='bbox 578 342 709 382; x_wconf 82' lang='lat' dir='ltr'>solaeque</span> <span class='ocrx_word' id='word_1_44' title='bbox 738 339 947 371; x_wconf 71' lang='lat' dir='ltr'>controversiae</span> 
     </span>
     <span class='ocr_line' id='line_1_7' title="bbox 54 383 949 425; baseline -0.003 -12"><span class='ocrx_word' id='word_1_45' title='bbox 54 383 181 423; x_wconf 85' lang='lat' dir='ltr'>privatae</span> <span class='ocrx_word' id='word_1_46' title='bbox 200 384 238 414; x_wconf 82' lang='lat' dir='ltr'>ad</span> <span class='ocrx_word' id='word_1_47' title='bbox 256 385 468 425; x_wconf 80' lang='lat' dir='ltr'>magistratum</span> <span class='ocrx_word' id='word_1_48' title='bbox 490 385 554 415; x_wconf 85' lang='lat' dir='ltr'>sine</span> <span class='ocrx_word' id='word_1_49' title='bbox 572 385 695 415; x_wconf 82' lang='lat' dir='ltr'>consilio</span> <span class='ocrx_word' id='word_1_50' title='bbox 715 383 855 424; x_wconf 84' lang='lat' dir='ltr'>judicum</span> <span class='ocrx_word' id='word_1_51' title='bbox 877 392 949 422; x_wconf 79' lang='lat' dir='ltr'>age-</span> 
     </span>
     <span class='ocr_line' id='line_1_8' title="bbox 57 427 948 469; baseline -0.003 -13"><span class='ocrx_word' id='word_1_52' title='bbox 57 427 179 465; x_wconf 83' lang='lat' dir='ltr'>bantur,</span> <span class='ocrx_word' id='word_1_53' title='bbox 196 428 234 457; x_wconf 89' lang='lat' dir='ltr'>ab</span> <span class='ocrx_word' id='word_1_54' title='bbox 249 428 295 458; x_wconf 87' lang='lat' dir='ltr'>his</span> <span class='ocrx_word' id='word_1_55' title='bbox 310 428 459 467; x_wconf 71' lang='lat' dir='ltr'>distinxit,</span> <span class='ocrx_word' id='word_1_56' title='bbox 481 428 593 469; x_wconf 83' lang='lat' dir='ltr'>quibus</span> <span class='ocrx_word' id='word_1_57' title='bbox 608 427 739 468; x_wconf 82' lang='lat' dir='ltr'>publicae</span> <span class='ocrx_word' id='word_1_58' title='bbox 762 437 859 457; x_wconf 84' lang='lat' dir='ltr'>causae</span> <span class='ocrx_word' id='word_1_59' title='bbox 880 435 948 454; x_wconf 83' lang='lat' dir='ltr'>om-</span> 
     </span>
     <span class='ocr_line' id='line_1_9' title="bbox 58 467 949 512; baseline -0.002 -14"><span class='ocrx_word' id='word_1_60' title='bbox 58 478 112 499; x_wconf 85' lang='lat' dir='ltr'>nes</span> <span class='ocrx_word' id='word_1_61' title='bbox 132 469 170 499; x_wconf 85' lang='lat' dir='ltr'>ad</span> <span class='ocrx_word' id='word_1_62' title='bbox 192 470 308 508; x_wconf 84' lang='lat' dir='ltr'>judices</span> <span class='ocrx_word' id='word_1_63' title='bbox 333 471 466 509; x_wconf 82' lang='lat' dir='ltr'>selectos,</span> <span class='ocrx_word' id='word_1_64' title='bbox 482 476 590 512; x_wconf 86' lang='lat' dir='ltr'>praeter</span> <span class='ocrx_word' id='word_1_65' title='bbox 610 480 708 500; x_wconf 90' lang='lat' dir='ltr'>unum</span> <span class='ocrx_word' id='word_1_66' title='bbox 732 467 949 510; x_wconf 77' lang='lat' dir='ltr'>perduellionis</span> 
     </span>
     <span class='ocr_line' id='line_1_10' title="bbox 59 510 951 554; baseline -0.002 -13"><span class='ocrx_word' id='word_1_67' title='bbox 59 511 184 550; x_wconf 77' lang='lat' dir='ltr'>crimen,</span> <span class='ocrx_word' id='word_1_68' title='bbox 200 519 274 543; x_wconf 83' lang='lat' dir='ltr'>actae</span> <span class='ocrx_word' id='word_1_69' title='bbox 294 520 374 544; x_wconf 82' lang='lat' dir='ltr'>sunt.</span> <span class='ocrx_word' id='word_1_70' title='bbox 403 514 489 545; x_wconf 87' lang='lat' dir='ltr'>Nam</span> <span class='ocrx_word' id='word_1_71' title='bbox 511 520 541 544; x_wconf 89' lang='lat' dir='ltr'>et</span> <span class='ocrx_word' id='word_1_72' title='bbox 559 514 715 554; x_wconf 67' lang='lat' dir='ltr'>peculatus</span> <span class='ocrx_word' id='word_1_73' title='bbox 734 518 764 542; x_wconf 82' lang='lat' dir='ltr'>et</span> <span class='ocrx_word' id='word_1_74' title='bbox 784 510 951 550; x_wconf 80' lang='lat' dir='ltr'>majestatis</span> 
     </span>
     <span class='ocr_line' id='line_1_11' title="bbox 58 553 951 598; baseline -0.002 -14"><span class='ocrx_word' id='word_1_75' title='bbox 58 564 167 593; x_wconf 61' lang='lat' dir='ltr'>causae,</span> <span class='ocrx_word' id='word_1_76' title='bbox 183 566 258 596; x_wconf 87' lang='lat' dir='ltr'>quas</span> <span class='ocrx_word' id='word_1_77' title='bbox 273 557 386 597; x_wconf 91' lang='lat' dir='ltr'>populo</span> <span class='ocrx_word' id='word_1_78' title='bbox 405 557 541 598; x_wconf 84' lang='lat' dir='ltr'>proprias</span> <span class='ocrx_word' id='word_1_79' title='bbox 563 557 655 586; x_wconf 84' lang='lat' dir='ltr'>fuisse</span> <span class='ocrx_word' id='word_1_80' title='bbox 676 555 758 593; x_wconf 72' lang='lat' dir='ltr'>dicit,</span> <span class='ocrx_word' id='word_1_81' title='bbox 775 555 813 585; x_wconf 81' lang='lat' dir='ltr'>ad</span> <span class='ocrx_word' id='word_1_82' title='bbox 833 553 951 593; x_wconf 84' lang='lat' dir='ltr'>judices</span> 
     </span>
     <span class='ocr_line' id='line_1_12' title="bbox 57 595 951 637; baseline -0.002 -10"><span class='ocrx_word' id='word_1_83' title='bbox 57 602 132 628; x_wconf 82' lang='lat' dir='ltr'>actae</span> <span class='ocrx_word' id='word_1_84' title='bbox 155 604 234 628; x_wconf 89' lang='lat' dir='ltr'>sunt.</span> <span class='ocrx_word' id='word_1_85' title='bbox 262 599 335 630; x_wconf 81' lang='lat' dir='ltr'>vid.</span> <span class='ocrx_word' id='word_1_86' title='bbox 358 611 386 630; x_wconf 89' lang='lat' dir='ltr'>v.</span> <span class='ocrx_word' id='word_1_87' title='bbox 408 610 432 631; x_wconf 88' lang='lat' dir='ltr'>c.</span> <span class='ocrx_word' id='word_1_88' title='bbox 458 600 494 630; x_wconf 93' lang='lat' dir='ltr'>II</span> <span class='ocrx_word' id='word_1_89' title='bbox 516 599 547 629; x_wconf 91' lang='lat' dir='ltr'>in</span> <span class='ocrx_word' id='word_1_90' title='bbox 564 599 653 630; x_wconf 88' lang='lat' dir='ltr'>Verr.</span> <span class='ocrx_word' id='word_1_91' title='bbox 674 609 699 629; x_wconf 85' lang='lat' dir='ltr'>e.</span> <span class='ocrx_word' id='word_1_92' title='bbox 718 599 768 628; x_wconf 87' lang='grc'>13.</span> <span class='ocrx_word' id='word_1_93' title='bbox 793 595 951 637; x_wconf 68' lang='lat' dir='ltr'>Imprimis</span> 
     </span>
     <span class='ocr_line' id='line_1_13' title="bbox 58 640 951 680; baseline -0.003 -10"><span class='ocrx_word' id='word_1_94' title='bbox 58 640 157 671; x_wconf 87' lang='lat' dir='ltr'>clarus</span> <span class='ocrx_word' id='word_1_95' title='bbox 187 640 269 672; x_wconf 87' lang='lat' dir='ltr'>locus</span> <span class='ocrx_word' id='word_1_96' title='bbox 293 649 337 673; x_wconf 79' lang='lat' dir='ltr'>est</span> <span class='ocrx_word' id='word_1_97' title='bbox 361 643 392 674; x_wconf 80' lang='lat' dir='ltr'>V</span> <span class='ocrx_word' id='word_1_98' title='bbox 393 653 450 673; x_wconf 86' lang='lat' dir='ltr'>err.</span> <span class='ocrx_word' id='word_1_99' title='bbox 474 641 522 680; x_wconf 86' lang='lat'>11,</span> <span class='ocrx_word' id='word_1_100' title='bbox 547 643 609 673; x_wconf 74' lang='lat'>42:</span> <span class='ocrx_word' id='word_1_101' title='bbox 635 642 769 672; x_wconf 61' lang='lat' dir='ltr'>Cornelia</span> <span class='ocrx_word' id='word_1_102' title='bbox 797 646 951 670; x_wconf 75' lang='lat' dir='ltr'><em>testamen-</em></span> 
     </span>
     <span class='ocr_line' id='line_1_14' title="bbox 58 684 949 724; baseline -0.001 -12"><span class='ocrx_word' id='word_1_103' title='bbox 58 684 145 719; x_wconf 76' lang='lat' dir='ltr'>taria,</span> <span class='ocrx_word' id='word_1_104' title='bbox 167 687 345 724; x_wconf 74' lang='lat' dir='ltr'>nummaria,</span> <span class='ocrx_word' id='word_1_105' title='bbox 370 692 480 716; x_wconf 75' lang='lat' dir='ltr'><em>caeterae</em></span> <span class='ocrx_word' id='word_1_106' title='bbox 503 686 686 724; x_wconf 76' lang='lat' dir='ltr'>complure85</span> <span class='ocrx_word' id='word_1_107' title='bbox 713 685 743 714; x_wconf 84' lang='lat' dir='ltr'>in</span> <span class='ocrx_word' id='word_1_108' title='bbox 767 684 870 724; x_wconf 73' lang='lat' dir='ltr'>quibus</span> <span class='ocrx_word' id='word_1_109' title='bbox 891 693 949 712; x_wconf 70' lang='lat' dir='ltr'>‘non</span> 
     </span>
     <span class='ocr_line' id='line_1_15' title="bbox 48 727 950 768; baseline -0.002 -12"><span class='ocrx_word' id='word_1_110' title='bbox 48 727 104 766; x_wconf 81' lang='lat' dir='ltr'>jus</span> <span class='ocrx_word' id='word_1_111' title='bbox 115 728 230 767; x_wconf 74' lang='lat' dir='ltr'>aliquod</span> <span class='ocrx_word' id='word_1_112' title='bbox 243 739 347 758; x_wconf 71' lang='lat' dir='ltr'>novum</span> <span class='ocrx_word' id='word_1_113' title='bbox 360 729 465 768; x_wconf 81' lang='lat' dir='ltr'>populo</span> <span class='ocrx_word' id='word_1_114' title='bbox 477 730 672 765; x_wconf 71' lang='lat' dir='ltr'>constituitur,</span> <span class='ocrx_word' id='word_1_115' title='bbox 683 729 731 758; x_wconf 81' lang='lat' dir='ltr'>sed</span> <span class='ocrx_word' id='word_1_116' title='bbox 747 727 889 765; x_wconf 72' lang='lat' dir='ltr'>sancitur,</span> <span class='ocrx_word' id='word_1_117' title='bbox 904 730 950 760; x_wconf 69' lang='lat' dir='ltr'>ul,</span> 
     </span>
     <span class='ocr_line' id='line_1_16' title="bbox 58 769 949 813; baseline -0.001 -14"><span class='ocrx_word' id='word_1_118' title='bbox 58 771 133 808; x_wconf 79' lang='lat' dir='ltr'>quod</span> <span class='ocrx_word' id='word_1_119' title='bbox 158 780 267 809; x_wconf 81' lang='lat' dir='ltr'><em>semper</em></span> <span class='ocrx_word' id='word_1_120' title='bbox 289 772 535 812; x_wconf 77' lang='lat' dir='ltr'>malumfacz&#39;nus</span> <span class='ocrx_word' id='word_1_121' title='bbox 545 772 658 813; x_wconf 67' lang='lat' dir='ltr'>fucrit,</span> <span class='ocrx_word' id='word_1_122' title='bbox 681 772 746 810; x_wconf 77' lang='lat' dir='ltr'>ejus</span> <span class='ocrx_word' id='word_1_123' title='bbox 768 771 887 809; x_wconf 61' lang='lat' dir='ltr'>qaeestio</span> <span class='ocrx_word' id='word_1_124' title='bbox 908 769 949 798; x_wconf 80' lang='lat' dir='ltr'>ad</span> 
     </span>
     <span class='ocr_line' id='line_1_17' title="bbox 53 811 950 855; baseline 0 -14"><span class='ocrx_word' id='word_1_125' title='bbox 53 813 353 852; x_wconf 74' lang='lat' dir='ltr'>populumperlz&#39;neat.</span> <span class='ocrx_word' id='word_1_126' title='bbox 377 814 479 855; x_wconf 77' lang='lat' dir='ltr'>Atqui</span> <span class='ocrx_word' id='word_1_127' title='bbox 489 814 537 844; x_wconf 82' lang='lat' dir='ltr'>hae</span> <span class='ocrx_word' id='word_1_128' title='bbox 553 825 650 845; x_wconf 81' lang='lat' dir='ltr'>causae</span> <span class='ocrx_word' id='word_1_129' title='bbox 664 825 713 855; x_wconf 87' lang='lat' dir='ltr'>ap.</span> <span class='ocrx_word' id='word_1_130' title='bbox 730 813 853 844; x_wconf 75' lang='lat' dir='ltr'>selectos</span> <span class='ocrx_word' id='word_1_131' title='bbox 866 811 950 851; x_wconf 81' lang='lat' dir='ltr'>judi-</span> 
     </span>
     <span class='ocr_line' id='line_1_18' title="bbox 61 861 207 886; baseline 0 -1"><span class='ocrx_word' id='word_1_132' title='bbox 61 865 109 885; x_wconf 83' lang='lat' dir='ltr'>ces</span> <span class='ocrx_word' id='word_1_133' title='bbox 124 861 207 886; x_wconf 79' lang='lat' dir='ltr'>actae.</span> 
     </span>
    </p>

    <p class='ocr_par' dir='ltr' id='par_1_3' title="bbox 59 897 953 1026">
     <span class='ocr_line' id='line_1_19' title="bbox 105 897 953 941; baseline -0.001 -14"><span class='ocrx_word' id='word_1_134' title='bbox 105 899 140 937; x_wconf 88' lang='lat'>3)</span> <span class='ocrx_word' id='word_1_135' title='bbox 166 898 292 938; x_wconf 78' lang='lat' dir='ltr'>Papiria</span> <span class='ocrx_word' id='word_1_136' title='bbox 314 899 346 930; x_wconf 90' lang='lat' dir='ltr'>C.</span> <span class='ocrx_word' id='word_1_137' title='bbox 366 899 514 938; x_wconf 82' lang='lat' dir='ltr'>Carbonis,</span> <span class='ocrx_word' id='word_1_138' title='bbox 533 899 601 931; x_wconf 86' lang='lat' dir='ltr'>trib.</span> <span class='ocrx_word' id='word_1_139' title='bbox 629 900 674 941; x_wconf 87' lang='lat' dir='ltr'>pl.</span> <span class='ocrx_word' id='word_1_140' title='bbox 696 897 738 929; x_wconf 85' lang='grc' dir='ltr'>Α.</span> <span class='ocrx_word' id='word_1_141' title='bbox 752 899 794 929; x_wconf 92' lang='lat' dir='ltr'>U.</span> <span class='ocrx_word' id='word_1_142' title='bbox 812 898 874 928; x_wconf 74' lang='lat'>622</span> <span class='ocrx_word' id='word_1_143' title='bbox 889 897 953 927; x_wconf 80' lang='lat' dir='ltr'>lata</span> 
     </span>
     <span class='ocr_line' id='line_1_20' title="bbox 59 941 951 983; baseline -0.001 -12"><span class='ocrx_word' id='word_1_144' title='bbox 59 946 114 979; x_wconf 75' lang='lat' dir='ltr'>est,</span> <span class='ocrx_word' id='word_1_145' title='bbox 131 941 228 982; x_wconf 52' lang='lat' dir='ltr'>eaque</span> <span class='ocrx_word' id='word_1_146' title='bbox 243 943 403 980; x_wconf 84' lang='lat' dir='ltr'>sancitum,</span> <span class='ocrx_word' id='word_1_147' title='bbox 419 949 465 980; x_wconf 80' lang='lat' dir='ltr'>ut,</span> <span class='ocrx_word' id='word_1_148' title='bbox 482 943 514 973; x_wconf 88' lang='lat' dir='ltr'>in</span> <span class='ocrx_word' id='word_1_149' title='bbox 533 943 652 983; x_wconf 85' lang='lat' dir='ltr'>legibus</span> <span class='ocrx_word' id='word_1_150' title='bbox 670 941 812 982; x_wconf 78' lang='lat' dir='ltr'>jubendis</span> <span class='ocrx_word' id='word_1_151' title='bbox 828 947 857 971; x_wconf 83' lang='lat' dir='ltr'>et</span> <span class='ocrx_word' id='word_1_152' title='bbox 872 941 951 970; x_wconf 88' lang='lat' dir='ltr'>anti-</span> 
     </span>
     <span class='ocr_line' id='line_1_21' title="bbox 61 984 645 1026; baseline 0.005 -13"><span class='ocrx_word' id='word_1_153' title='bbox 61 984 202 1025; x_wconf 86' lang='lat' dir='ltr'>quandis,</span> <span class='ocrx_word' id='word_1_154' title='bbox 219 986 352 1026; x_wconf 90' lang='lat' dir='ltr'>populus</span> <span class='ocrx_word' id='word_1_155' title='bbox 368 986 486 1016; x_wconf 81' lang='lat' dir='ltr'>tabellis</span> <span class='ocrx_word' id='word_1_156' title='bbox 501 991 645 1016; x_wconf 79' lang='lat' dir='ltr'>uteretur.</span> 
     </span>
    </p>

    <p class='ocr_par' dir='ltr' id='par_1_4' title="bbox 59 1026 952 1283">
     <span class='ocr_line' id='line_1_22' title="bbox 101 1026 946 1070; baseline -0.001 -13"><span class='ocrx_word' id='word_1_157' title='bbox 101 1026 137 1067; x_wconf 88' lang='grc'>4)</span> <span class='ocrx_word' id='word_1_158' title='bbox 163 1028 250 1058; x_wconf 77' lang='lat' dir='ltr'>Coelz&#39;a</span> <span class='ocrx_word' id='word_1_159' title='bbox 268 1029 310 1058; x_wconf 88' lang='lat' dir='ltr'>A.</span> <span class='ocrx_word' id='word_1_160' title='bbox 327 1029 369 1059; x_wconf 87' lang='lat' dir='ltr'>U.</span> <span class='ocrx_word' id='word_1_161' title='bbox 386 1030 448 1059; x_wconf 78' lang='lat'>646</span> <span class='ocrx_word' id='word_1_162' title='bbox 471 1029 534 1059; x_wconf 86' lang='lat' dir='ltr'>lata</span> <span class='ocrx_word' id='word_1_163' title='bbox 557 1035 613 1067; x_wconf 61' lang='lat' dir='ltr'>est,</span> <span class='ocrx_word' id='word_1_164' title='bbox 634 1027 729 1070; x_wconf 58' lang='lat' dir='ltr'>eique</span> <span class='ocrx_word' id='word_1_165' title='bbox 743 1033 881 1064; x_wconf 78' lang='lat' dir='ltr'>cautum,</span> <span class='ocrx_word' id='word_1_166' title='bbox 898 1032 946 1063; x_wconf 78' lang='lat' dir='ltr'>ut,</span> 
     </span>
     <span class='ocr_line' id='line_1_23' title="bbox 60 1070 950 1112; baseline -0.001 -13"><span class='ocrx_word' id='word_1_167' title='bbox 60 1070 143 1110; x_wconf 91' lang='lat' dir='ltr'>quod</span> <span class='ocrx_word' id='word_1_168' title='bbox 167 1080 265 1101; x_wconf 90' lang='lat' dir='ltr'>unum</span> <span class='ocrx_word' id='word_1_169' title='bbox 289 1071 439 1110; x_wconf 81' lang='lat' dir='ltr'>judicium</span> <span class='ocrx_word' id='word_1_170' title='bbox 464 1072 532 1112; x_wconf 83' lang='lat' dir='ltr'>lege</span> <span class='ocrx_word' id='word_1_171' title='bbox 558 1072 659 1102; x_wconf 62' lang='lat' dir='ltr'>Cassia</span> <span class='ocrx_word' id='word_1_172' title='bbox 681 1076 842 1111; x_wconf 76' lang='lat' dir='ltr'>exceptum</span> <span class='ocrx_word' id='word_1_173' title='bbox 862 1075 950 1106; x_wconf 65' lang='lat' dir='ltr'>esset,</span> 
     </span>
     <span class='ocr_line' id='line_1_24' title="bbox 60 1112 951 1155; baseline -0.001 -13"><span class='ocrx_word' id='word_1_174' title='bbox 60 1113 286 1153; x_wconf 78' lang='lat' dir='ltr'>perduellionis,</span> <span class='ocrx_word' id='word_1_175' title='bbox 302 1114 334 1144; x_wconf 91' lang='lat' dir='ltr'>id</span> <span class='ocrx_word' id='word_1_176' title='bbox 350 1124 471 1155; x_wconf 86' lang='lat' dir='ltr'>quoque</span> <span class='ocrx_word' id='word_1_177' title='bbox 486 1115 623 1152; x_wconf 83' lang='lat' dir='ltr'>tabellas,</span> <span class='ocrx_word' id='word_1_178' title='bbox 640 1124 710 1145; x_wconf 89' lang='lat' dir='ltr'>cum</span> <span class='ocrx_word' id='word_1_179' title='bbox 731 1113 854 1153; x_wconf 84' lang='lat' dir='ltr'>reliquis</span> <span class='ocrx_word' id='word_1_180' title='bbox 867 1112 951 1151; x_wconf 85' lang='lat' dir='ltr'>judi-</span> 
     </span>
     <span class='ocr_line' id='line_1_25' title="bbox 61 1154 952 1197; baseline 0 -13"><span class='ocrx_word' id='word_1_181' title='bbox 61 1154 114 1185; x_wconf 89' lang='lat' dir='ltr'>ciis</span> <span class='ocrx_word' id='word_1_182' title='bbox 128 1165 314 1194; x_wconf 80' lang='lat' dir='ltr'>communes,</span> <span class='ocrx_word' id='word_1_183' title='bbox 326 1157 458 1188; x_wconf 76' lang='lat' dir='ltr'>haberet.</span> <span class='ocrx_word' id='word_1_184' title='bbox 483 1157 616 1188; x_wconf 79' lang='lat' dir='ltr'>Causam</span> <span class='ocrx_word' id='word_1_185' title='bbox 628 1158 721 1197; x_wconf 86' lang='lat' dir='ltr'>hujus</span> <span class='ocrx_word' id='word_1_186' title='bbox 730 1156 804 1196; x_wconf 83' lang='lat' dir='ltr'>legis</span> <span class='ocrx_word' id='word_1_187' title='bbox 820 1155 952 1185; x_wconf 83' lang='lat' dir='ltr'>ferendae</span> 
     </span>
     <span class='ocr_line' id='line_1_26' title="bbox 60 1197 952 1241; baseline 0.001 -14"><span class='ocrx_word' id='word_1_188' title='bbox 60 1197 139 1228; x_wconf 86' lang='lat' dir='ltr'>hanc</span> <span class='ocrx_word' id='word_1_189' title='bbox 158 1199 299 1230; x_wconf 84' lang='lat' dir='ltr'>habuisse</span> <span class='ocrx_word' id='word_1_190' title='bbox 314 1200 423 1230; x_wconf 75' lang='lat' dir='ltr'>dicitur</span> <span class='ocrx_word' id='word_1_191' title='bbox 444 1200 527 1241; x_wconf 87' lang='lat' dir='ltr'>apud</span> <span class='ocrx_word' id='word_1_192' title='bbox 544 1200 731 1234; x_wconf 70' lang='lat' dir='ltr'>Ciceronem,</span> <span class='ocrx_word' id='word_1_193' title='bbox 749 1205 783 1229; x_wconf 86' lang='lat' dir='ltr'>ut</span> <span class='ocrx_word' id='word_1_194' title='bbox 798 1198 952 1239; x_wconf 84' lang='lat' dir='ltr'>opprime-</span> 
     </span>
     <span class='ocr_line' id='line_1_27' title="bbox 59 1241 853 1283; baseline 0.001 -12"><span class='ocrx_word' id='word_1_195' title='bbox 59 1246 105 1271; x_wconf 83' lang='lat' dir='ltr'>ret</span> <span class='ocrx_word' id='word_1_196' title='bbox 120 1241 156 1272; x_wconf 91' lang='lat' dir='ltr'>C.</span> <span class='ocrx_word' id='word_1_197' title='bbox 172 1242 340 1283; x_wconf 70' lang='lat' dir='ltr'>Popillium</span> <span class='ocrx_word' id='word_1_198' title='bbox 350 1243 522 1277; x_wconf 67' lang='lat' dir='ltr'>inimicum,</span> <span class='ocrx_word' id='word_1_199' title='bbox 538 1244 589 1274; x_wconf 91' lang='lat' dir='ltr'>De</span> <span class='ocrx_word' id='word_1_200' title='bbox 604 1244 700 1283; x_wconf 85' lang='lat' dir='ltr'><strong>Legg.</strong></span> <span class='ocrx_word' id='word_1_201' title='bbox 718 1241 784 1279; x_wconf 85' lang='grc' dir='ltr'>ΙΙΙ,</span> <span class='ocrx_word' id='word_1_202' title='bbox 806 1244 853 1272; x_wconf 77' lang='grc'>16.</span> 
     </span>
    </p>

    <p class='ocr_par' dir='ltr' id='par_1_5' title="bbox 106 1283 806 1316">
     <span class='ocr_line' id='line_1_28' title="bbox 106 1283 806 1316; baseline 0 -2"><span class='ocrx_word' id='word_1_203' title='bbox 106 1283 241 1314; x_wconf 79' lang='lat' dir='ltr'>Terentia</span> <span class='ocrx_word' id='word_1_204' title='bbox 251 1286 466 1316; x_wconf 71' lang='lat' dir='ltr'>meemaria.</span> <span class='ocrx_word' id='word_1_205' title='bbox 489 1286 562 1316; x_wconf 87' lang='lat' dir='ltr'>Vid.</span> <span class='ocrx_word' id='word_1_206' title='bbox 581 1287 806 1316; x_wconf 76' lang='lat' dir='ltr'>Frumenlarzoe.</span> 
     </span>
    </p>

    <p class='ocr_par' dir='ltr' id='par_1_6' title="bbox 58 1326 951 1402">
     <span class='ocr_line' id='line_1_29' title="bbox 107 1326 951 1369; baseline 0 -13"><span class='ocrx_word' id='word_1_207' title='bbox 107 1326 351 1369; x_wconf 73' lang='lat' dir='ltr'>Testamentarise‚</span> <span class='ocrx_word' id='word_1_208' title='bbox 368 1328 513 1365; x_wconf 73' lang='lat' dir='ltr'>Cornelia,</span> <span class='ocrx_word' id='word_1_209' title='bbox 532 1329 560 1360; x_wconf 86' lang='lat' dir='ltr'><strong><em>F</em></strong></span> <span class='ocrx_word' id='word_1_210' title='bbox 561 1330 637 1367; x_wconf 75' lang='lat' dir='ltr'>uria,</span> <span class='ocrx_word' id='word_1_211' title='bbox 661 1328 782 1359; x_wconf 72' lang='lat' dir='ltr'>Voconia</span> <span class='ocrx_word' id='word_1_212' title='bbox 794 1339 804 1357; x_wconf 89' lang='lat'>.·</span> <span class='ocrx_word' id='word_1_213' title='bbox 828 1326 866 1357; x_wconf 87' lang='lat' dir='ltr'>de</span> <span class='ocrx_word' id='word_1_214' title='bbox 880 1327 951 1368; x_wconf 83' lang='lat' dir='ltr'>qui-</span> 
     </span>
     <span class='ocr_line' id='line_1_30' title="bbox 58 1370 336 1402; baseline 0.007 -2"><span class='ocrx_word' id='word_1_215' title='bbox 58 1370 117 1401; x_wconf 92' lang='lat' dir='ltr'>bus</span> <span class='ocrx_word' id='word_1_216' title='bbox 132 1381 161 1401; x_wconf 89' lang='lat' dir='ltr'>v.</span> <span class='ocrx_word' id='word_1_217' title='bbox 178 1371 239 1401; x_wconf 86' lang='lat' dir='ltr'>suis</span> <span class='ocrx_word' id='word_1_218' title='bbox 254 1371 336 1402; x_wconf 88' lang='lat' dir='ltr'>locis.</span> 
     </span>
    </p>

    <p class='ocr_par' dir='ltr' id='par_1_7' title="bbox 58 1412 953 1799">
     <span class='ocr_line' id='line_1_31' title="bbox 107 1412 944 1456; baseline -0.001 -14"><span class='ocrx_word' id='word_1_219' title='bbox 107 1413 223 1448; x_wconf 81' lang='lat' dir='ltr'>Thoria,</span> <span class='ocrx_word' id='word_1_220' title='bbox 237 1415 373 1454; x_wconf 74' lang='lat' dir='ltr'>Agraria,</span> <span class='ocrx_word' id='word_1_221' title='bbox 386 1416 451 1456; x_wconf 81' lang='lat' dir='ltr'><em>(Sp.</em></span> <span class='ocrx_word' id='word_1_222' title='bbox 473 1414 586 1452; x_wconf 75' lang='lat' dir='ltr'>Thorii‚</span> <span class='ocrx_word' id='word_1_223' title='bbox 606 1414 676 1445; x_wconf 84' lang='lat' dir='ltr'>trib.</span> <span class='ocrx_word' id='word_1_224' title='bbox 691 1414 734 1455; x_wconf 89' lang='lat' dir='ltr'>pl.</span> <span class='ocrx_word' id='word_1_225' title='bbox 751 1413 794 1444; x_wconf 90' lang='lat' dir='ltr'>A.</span> <span class='ocrx_word' id='word_1_226' title='bbox 810 1413 852 1443; x_wconf 87' lang='lat' dir='ltr'>U.</span> <span class='ocrx_word' id='word_1_227' title='bbox 865 1412 944 1452; x_wconf 69' lang='lat'>646)</span> 
     </span>
     <span class='ocr_line' id='line_1_32' title="bbox 59 1456 949 1499; baseline -0.001 -13"><span class='ocrx_word' id='word_1_228' title='bbox 59 1456 122 1495; x_wconf 57' lang='lat' dir='ltr'>qua</span> <span class='ocrx_word' id='word_1_229' title='bbox 136 1457 285 1487; x_wconf 82' lang='lat' dir='ltr'>sancitum</span> <span class='ocrx_word' id='word_1_230' title='bbox 301 1464 355 1495; x_wconf 83' lang='lat' dir='ltr'>est,</span> <span class='ocrx_word' id='word_1_231' title='bbox 371 1469 410 1489; x_wconf 85' lang='lat' dir='ltr'>ne</span> <span class='ocrx_word' id='word_1_232' title='bbox 430 1458 509 1499; x_wconf 79' lang='lat' dir='ltr'>quis,</span> <span class='ocrx_word' id='word_1_233' title='bbox 529 1457 583 1497; x_wconf 86' lang='lat' dir='ltr'>qui</span> <span class='ocrx_word' id='word_1_234' title='bbox 603 1468 711 1497; x_wconf 84' lang='lat' dir='ltr'>agrum</span> <span class='ocrx_word' id='word_1_235' title='bbox 732 1456 891 1497; x_wconf 85' lang='lat' dir='ltr'>publicum</span> <span class='ocrx_word' id='word_1_236' title='bbox 916 1456 949 1485; x_wconf 86' lang='lat' dir='ltr'>in</span> 
     </span>
     <span class='ocr_line' id='line_1_33' title="bbox 60 1497 951 1542; baseline 0 -14"><span class='ocrx_word' id='word_1_237' title='bbox 60 1497 152 1529; x_wconf 57' lang='lat' dir='ltr'>Italia</span> <span class='ocrx_word' id='word_1_238' title='bbox 174 1509 192 1529; x_wconf 88' lang='lat' dir='ltr'>a</span> <span class='ocrx_word' id='word_1_239' title='bbox 213 1505 292 1530; x_wconf 86' lang='lat' dir='ltr'>certo</span> <span class='ocrx_word' id='word_1_240' title='bbox 312 1507 447 1542; x_wconf 84' lang='lat' dir='ltr'>tempore</span> <span class='ocrx_word' id='word_1_241' title='bbox 465 1500 639 1541; x_wconf 72' lang='lat' dir='ltr'>possideret,</span> <span class='ocrx_word' id='word_1_242' title='bbox 655 1500 783 1541; x_wconf 84' lang='lat' dir='ltr'>vectigal</span> <span class='ocrx_word' id='word_1_243' title='bbox 806 1498 951 1540; x_wconf 80' lang='lat' dir='ltr'>penderet</span> 
     </span>
     <span class='ocr_line' id='line_1_34' title="bbox 58 1541 951 1583; baseline -0.001 -12"><span class='ocrx_word' id='word_1_244' title='bbox 58 1541 239 1582; x_wconf 83' lang='lat' dir='ltr'>publicanis.</span> <span class='ocrx_word' id='word_1_245' title='bbox 259 1541 297 1572; x_wconf 86' lang='lat' dir='ltr'>In</span> <span class='ocrx_word' id='word_1_246' title='bbox 308 1544 398 1574; x_wconf 82' lang='lat' dir='ltr'>Brut.</span> <span class='ocrx_word' id='word_1_247' title='bbox 412 1545 471 1574; x_wconf 77' lang='lat'>36:</span> <span class='ocrx_word' id='word_1_248' title='bbox 487 1546 535 1582; x_wconf 74' lang='lat' dir='ltr'>Sp.</span> <span class='ocrx_word' id='word_1_249' title='bbox 546 1542 670 1572; x_wconf 73' lang='lat' dir='ltr'>Thorius</span> <span class='ocrx_word' id='word_1_250' title='bbox 681 1553 787 1583; x_wconf 69' lang='lat' dir='ltr'>agrum</span> <span class='ocrx_word' id='word_1_251' title='bbox 801 1543 951 1580; x_wconf 75' lang='lat' dir='ltr'>publicum</span> 
     </span>
     <span class='ocr_line' id='line_1_35' title="bbox 60 1584 950 1628; baseline 0 -14"><span class='ocrx_word' id='word_1_252' title='bbox 60 1586 194 1623; x_wconf 63' lang='lat' dir='ltr'>vectigali</span> <span class='ocrx_word' id='word_1_253' title='bbox 209 1585 318 1618; x_wconf 76' lang='lat' dir='ltr'>levavit.</span> <span class='ocrx_word' id='word_1_254' title='bbox 342 1587 518 1628; x_wconf 81' lang='lat' dir='ltr'>Appianus‚</span> <span class='ocrx_word' id='word_1_255' title='bbox 534 1585 572 1616; x_wconf 85' lang='lat' dir='ltr'>de</span> <span class='ocrx_word' id='word_1_256' title='bbox 586 1586 675 1616; x_wconf 86' lang='lat' dir='ltr'>Bello</span> <span class='ocrx_word' id='word_1_257' title='bbox 696 1585 761 1616; x_wconf 83' lang='lat' dir='ltr'>Civ.</span> <span class='ocrx_word' id='word_1_258' title='bbox 775 1584 803 1622; x_wconf 84' lang='grc' dir='ltr'>Ι,</span> <span class='ocrx_word' id='word_1_259' title='bbox 816 1585 894 1621; x_wconf 71' lang='grc'>623,</span> <span class='ocrx_word' id='word_1_260' title='bbox 911 1584 950 1614; x_wconf 83' lang='lat' dir='ltr'>de</span> 
     </span>
     <span class='ocr_line' id='line_1_36' title="bbox 60 1626 951 1671; baseline -0.001 -14"><span class='ocrx_word' id='word_1_261' title='bbox 60 1626 118 1657; x_wconf 84' lang='lat' dir='ltr'>hac</span> <span class='ocrx_word' id='word_1_262' title='bbox 130 1627 197 1668; x_wconf 87' lang='lat' dir='ltr'>Iege</span> <span class='ocrx_word' id='word_1_263' title='bbox 211 1628 272 1658; x_wconf 82' lang='lat' dir='ltr'>ita:</span> <span class='ocrx_word' id='word_1_264' title='bbox 292 1633 386 1670; x_wconf 73' lang='grc' dir='ltr'>Βοριος</span> <span class='ocrx_word' id='word_1_265' title='bbox 400 1630 474 1671; x_wconf 73' lang='lat' dir='ltr'>(leg.</span> <span class='ocrx_word' id='word_1_266' title='bbox 483 1628 597 1668; x_wconf 73' lang='grc' dir='ltr'>Θοριος)</span> <span class='ocrx_word' id='word_1_267' title='bbox 608 1629 760 1670; x_wconf 78' lang='grc' dir='ltr'><em>δημαρχων</em></span> <span class='ocrx_word' id='word_1_268' title='bbox 772 1640 871 1664; x_wconf 78' lang='grc' dir='ltr'>εισηγη</span> <span class='ocrx_word' id='word_1_269' title='bbox 878 1639 951 1657; x_wconf 83' lang='grc' dir='ltr'><strong><em>σατο</em></strong></span> 
     </span>
     <span class='ocr_line' id='line_1_37' title="bbox 61 1671 949 1710; baseline -0.001 -11"><span class='ocrx_word' id='word_1_270' title='bbox 61 1680 152 1708; x_wconf 73' lang='grc' dir='ltr'>νυμον,</span> <span class='ocrx_word' id='word_1_271' title='bbox 167 1682 218 1705; x_wconf 82' lang='grc' dir='ltr'>την</span> <span class='ocrx_word' id='word_1_272' title='bbox 233 1683 284 1709; x_wconf 80' lang='grc' dir='ltr'>μεν</span> <span class='ocrx_word' id='word_1_273' title='bbox 299 1684 348 1709; x_wconf 67' lang='grc' dir='ltr'>’γῆν</span> <span class='ocrx_word' id='word_1_274' title='bbox 357 1685 463 1710; x_wconf 79' lang='grc' dir='ltr'><em>μηκετι</em></span> <span class='ocrx_word' id='word_1_275' title='bbox 477 1672 622 1709; x_wconf 65' lang='grc' dir='ltr'>ὃιανεμειν,</span> <span class='ocrx_word' id='word_1_276' title='bbox 636 1671 702 1700; x_wconf 72' lang='grc' dir='ltr'>αλλ’</span> <span class='ocrx_word' id='word_1_277' title='bbox 720 1684 785 1700; x_wconf 69' lang='lat' dir='ltr'>emota</span> <span class='ocrx_word' id='word_1_278' title='bbox 798 1683 854 1700; x_wconf 81' lang='grc' dir='ltr'>των</span> <span class='ocrx_word' id='word_1_279' title='bbox 871 1681 949 1710; x_wconf 55' lang='lat' dir='ltr'>&amp;Xoit-</span> 
     </span>
     <span class='ocr_line' id='line_1_38' title="bbox 63 1713 951 1755; baseline -0.001 -14"><span class='ocrx_word' id='word_1_280' title='bbox 63 1723 132 1751; x_wconf 79' lang='grc' dir='ltr'>των,</span> <span class='ocrx_word' id='word_1_281' title='bbox 145 1725 191 1742; x_wconf 76' lang='grc' dir='ltr'>και</span> <span class='ocrx_word' id='word_1_282' title='bbox 205 1720 306 1753; x_wconf 77' lang='grc' dir='ltr'><em>φορους</em></span> <span class='ocrx_word' id='word_1_283' title='bbox 318 1715 388 1755; x_wconf 73' lang='grc' dir='ltr'>ὑπερ</span> <span class='ocrx_word' id='word_1_284' title='bbox 405 1727 494 1750; x_wconf 76' lang='grc' dir='ltr'><em>αυτης</em></span> <span class='ocrx_word' id='word_1_285' title='bbox 509 1726 551 1750; x_wconf 86' lang='grc' dir='ltr'>τῳ</span> <span class='ocrx_word' id='word_1_286' title='bbox 567 1713 646 1751; x_wconf 80' lang='grc' dir='ltr'>ὃημῳ</span> <span class='ocrx_word' id='word_1_287' title='bbox 662 1714 890 1745; x_wconf 61' lang='lat' dir='ltr'>›cavans-mim,</span> <span class='ocrx_word' id='word_1_288' title='bbox 901 1724 951 1741; x_wconf 78' lang='grc' dir='ltr'>και</span> 
     </span>
     <span class='ocr_line' id='line_1_39' title="bbox 64 1754 953 1799; baseline -0.001 -15"><span class='ocrx_word' id='word_1_289' title='bbox 64 1754 133 1785; x_wconf 61' lang='lat' dir='ltr'>w&amp;</span> <span class='ocrx_word' id='word_1_290' title='bbox 149 1767 187 1785; x_wconf 86' lang='grc' dir='ltr'>τα</span> <span class='ocrx_word' id='word_1_291' title='bbox 201 1767 342 1797; x_wconf 74' lang='grc' dir='ltr'>χρηματα</span> <span class='ocrx_word' id='word_1_292' title='bbox 356 1769 458 1799; x_wconf 73' lang='grc' dir='ltr'>χωρειν</span> <span class='ocrx_word' id='word_1_293' title='bbox 474 1770 514 1791; x_wconf 78' lang='grc' dir='ltr'>εις</span> <span class='ocrx_word' id='word_1_294' title='bbox 528 1755 661 1795; x_wconf 66' lang='grc' dir='ltr'>ἓιανομας</span> <span class='ocrx_word' id='word_1_295' title='bbox 676 1777 699 1786; x_wconf 87' lang='grc'>..</span> <span class='ocrx_word' id='word_1_296' title='bbox 731 1778 739 1786; x_wconf 89' lang='grc'><strong>.</strong></span> <span class='ocrx_word' id='word_1_297' title='bbox 754 1766 794 1786; x_wconf 81' lang='lat' dir='ltr'>sc.</span> <span class='ocrx_word' id='word_1_298' title='bbox 805 1767 847 1792; x_wconf 83' lang='grc' dir='ltr'>τῳ</span> <span class='ocrx_word' id='word_1_299' title='bbox 859 1754 953 1793; x_wconf 73' lang='grc' dir='ltr'>ὃημῳ,</span> 
     </span>
    </p>
   </div>
  </div>
 </body>
</html>
