1122 1868
111 66 172 95 488
264 63 413 96 INDEX
437 60 839 93 GRAEco-LATINUS,

155 157 338 193 Euan-aequ),
355 148 421 180 uni
437 148 569 187 afficior,
586 147 625 178 ad
639 147 807 186 Att.X11‚
827 148 877 178 11.

154 202 316 232 Συιιποσι-ι,
327 193 575 233 compotationes,
588 190 627 221 ad
642 190 717 221 Div.
734 191 796 229 IX,
809 194 862 221 24
877 191 916 221 ad
928 191 998 222 Att

115 237 231 274 11‚12.

156 279 426 319 Συῐιιτιλοὲοξουσιν,
447 278 543 308 simul
560 278 669 316 gloriae
690 288 766 308 meae
786 279 935 316 serviunt,
960 277 999 308 ad

114 323 182 353 Ate.
200 322 242 358 V,
268 324 314 357 17.

158 370 394 403 Συμφιλολογειν,
408 366 445 394 de
461 365 555 394 literis
570 365 740 403 disputare,
758 363 797 394 ad
813 363 886 395 Div.
901 363 1001 402 XVI,

115 412 167 438 ⁴21.
193 408 233 437 V.
252 413 428 443 omem-sem.

158 459 319 488 Συυκγωγη,
344 451 488 487 collectio,
514 451 666 487 volumen,
694 449 733 480 ad
760 448 826 479 Att.
854 448 918 490 IX,
950 452 999 480 13.

116 493 213 529 XVI,
231 495 250 522 5

159 535 315 571 Συνδειπνα,
331 537 584 573 εοηεαῑηαείοηεε,
601 535 640 566 ad
656 535 728 565 Div.
746 533 810 572 lx,
827 539 879 566 24.

161 578 310 610 Σννὲειπνοι
338 586 498 614 Σσῑοκλεις,
522 579 560 608 ad
585 578 626 616 Q
643 579 696 608 Fr.
710 578 758 615 II,
781 580 828 608 15.
851 579 1003 610 Συνὸειπνοι

117 628 280 661 saponem„
297 622 350 662 qui
365 621 517 658 dicantur,
534 631 595 651 non
611 621 750 652 convenit
764 621 842 652 inter
856 621 1004 663 interpre-

117 673 170 696 tes.
196 663 259 693 Alii
274 664 410 694 fabulam
427 665 583 705 Sophoclis
602 664 773 698 συνδειπνους
787 664 898 694 dictam
914 665 1006 695 intel-

118 709 231 748 ligunt,
243 717 260 736 a
271 707 388 744 Quinto
398 718 572 738 conversam
586 707 713 742 Latine3
730 707 921 748 improbante
933 708 1008 739 Mae

117 751 214 787 natio,
231 749 285 790 qui
301 757 390 790 negat
406 761 472 781 eam
489 751 665 782 Ciceronem
681 756 744 780 tam
768 750 877 781 rustice
891 751 1008 792 impro-

117 795 262 824 baturum
277 792 380 823 fuisse.
406 794 464 824 Sed
480 793 630 834 imprimis
645 799 795 833 repugnat
810 795 936 824 verbum
952 805 1006 825 ac-

116 842 204 866 tam.-
230 836 311 876 quod
341 836 464 875 indicat,
490 837 562 867 huic
587 836 711 871 fabulae‚
736 835 774 866 de
796 847 858 877 qua
882 836 1004 874 dicitur,

117 880 273 917 Quintum
288 878 468 910 interfuisse.
494 879 602 920 Itaque
623 878 786 909 Manutius
805 884 903 920 putat,
921 881 1004 921 capi-

119 922 196 952 enda
208 923 299 952 verba
311 932 373 952 esse
385 922 422 953 de
434 923 581 960 convivio,
597 932 745 963 perquam
761 922 853 952 simili
867 923 1005 954 convivio

117 966 148 995 in
164 965 269 995 fabula
285 965 388 1005 aliqua
407 966 574 1006 Sophoclis,
596 965 647 995 cui
666 964 833 994 interfuerit
854 965 1003 1004 Quintus,

118 1015 147 1038 et
162 1009 194 1038 in
210 1018 271 1048 quo
292 1008 366 1048 quid
388 1009 445 1039 sibi
468 1009 618 1046 acciderit,
641 1008 885 1038 commemorarit
908 1008 1003 1039 fratri.

119 1052 178 1081 Sed
206 1051 383 1090 hujusmodi
402 1052 575 1082 convivium
598 1061 659 1081 non
680 1056 786 1091 aptum
809 1051 927 1082 videtur
950 1053 1006 1083 So-

119 1095 253 1134 phocleae
268 1094 429 1134 tragoediae.
453 1095 537 1124 Mihi
552 1095 584 1124 in
604 1099 739 1124 mentem
755 1102 902 1125 venerunt
918 1102 1005 1135 Σοφο-

118 1142 200 1172 κλεις
217 1137 361 1174 Pliniani,
378 1138 438 1178 Ep.
457 1137 502 1173 ΙΙ,
525 1139 573 1175 16,
589 1138 767 1173 ἰαῑιάίεωηί,
780 1138 914 1177 parasiti,
935 1138 1001 1179 qui,

118 1180 243 1210 coenulae
257 1180 358 1217 musii,
375 1181 515 1221 quamvis
536 1181 675 1220 indignos
694 1179 833 1217 laudant,
857 1187 886 1211 et
908 1182 947 1211 ab
967 1182 1013 1212 iis:

117 1228 183 1252 acta
199 1228 228 1253 et
242 1223 322 1252 dicta
337 1224 439 1253 omnia
457 1231 552 1263 σορως
569 1224 648 1253 dicta
664 1229 693 1253 et
715 1229 780 1253 acta
795 1223 936 1254 clamant.
960 1225 1002 1255 V.

118 1272 253 1296 auctores
267 1266 405 1296 laudatos
429 1266 502 1297 Intt.
519 1266 557 1296 ad
576 1266 724 1296 Plinium.
747 1266 854 1297 Fuisse
871 1277 942 1308 ergo
956 1268 1003 1298 vi-

122 1308 211 1338 detur
226 1309 257 1338 in
274 1309 422 1345 convivio,
446 1309 478 1339 in
494 1320 590 1350 eoque
604 1308 746 1340 habuisse
764 1309 936 1345 α-υνδειπνους
951 1321 1006 1351 pa-

118 1351 233 1388 rasitos,
251 1358 304 1382 aut
318 1352 482 1392 parasiticis
497 1359 574 1383 certe
588 1352 733 1382 moribus.
780 1352 847 1382 Hos
859 1354 1008 1393 quemad-

119 1394 258 1431 modum,
276 1405 370 1435 quam
385 1395 484 1435 lepide
497 1403 526 1425 et
540 1395 654 1432 festive,
671 1394 799 1433 vexarit,
819 1405 1006 1427 commemo-

119 1443 235 1467 raverat
250 1437 344 1467 fratri.
371 1438 479 1478 Itaque
494 1438 652 1468 fatendum
671 1448 744 1474 esse,
766 1438 936 1478 respondet,
961 1440 1005 1471 le-

119 1479 190 1519 pide
211 1482 249 1510 ab
271 1491 305 1511 eo
323 1486 422 1511 actam
444 1481 529 1511 illam
552 1481 689 1511 fabulam
714 1481 900 1522 (frequentes
923 1483 1005 1513 enim

118 1530 278 1553 occurrunt
293 1524 324 1553 in
345 1524 529 1554 comicorum
549 1524 660 1554 fabulis
683 1523 842 1564 parasiti);
867 1525 918 1555 sed
941 1536 1006 1556 rem

119 1564 176 1594 sibi
191 1565 389 1597 nihilominus
405 1577 465 1597 non
483 1567 624 1607 probari·
616 1590 625 1603 ,
649 1567 726 1597 velle
741 1577 783 1605 se,
807 1567 922 1598 factum
944 1579 1005 1599 non

120 1618 182 1638 esse
211 1615 264 1639 aut
293 1609 421 1649 dictum,
452 1610 534 1651 quod
562 1610 678 1640 factum
707 1609 884 1651 dictumque
913 1611 1011 1653 scrip·

122 1650 216 1681 sisset

126 1736 145 1765 x
160 1693 264 1765 ΙΣΙ-αὲδιη
262 1707 430 1735 uepeuwfaer,
448 1697 542 1727 simul
558 1697 637 1727 diem
653 1702 858 1734 conteramus,
881 1697 919 1728 ad
936 1695 1012 1728 Αῐῐ.Α

145 1736 154 1745 ’
216 1758 224 1773 ‚
241 1740 270 1768 9.
