1122 1868
150 87 214 117 214
366 88 515 120 INDEX
539 89 826 121 HISTORICUS.

191 173 272 211 Dio,
289 173 378 205 Verr.
391 175 439 213 ΙΙ,
457 178 508 205 10.
526 176 703 206 Halesinus.

193 216 268 254 Dio,
286 217 384 248 Flaoc.
401 219 453 248 30.
469 218 740 259 Apollonidiensis.

190 259 266 296 Dio,
282 260 370 290 Verr.
395 261 462 299 ΙΙΙ,
480 263 510 297 7.
526 272 544 291 a
559 262 599 299 Q.
618 261 746 291 Metello
767 261 839 292 civis
853 261 948 292 Rom.
974 261 1039 292 fac-

149 305 218 331 tus:
244 302 324 332 unde
339 303 380 341 Q.
397 304 538 334 Caecilius
556 304 618 334 Dio
633 304 751 334 dicitur.
770 315 795 334 c.
813 306 842 335 9.

190 345 266 383 Dio,
284 345 357 375 Coel.
378 350 422 376 10.
439 347 556 387 legatus
580 347 873 384 Alexandrinorum,
891 347 946 387 qui
961 347 1037 377 Pto-

147 386 293 418 lemaeum
320 389 452 419 Auleten
470 391 579 420 Romae
598 396 758 420 accusaret.
795 389 977 420 Interfectus
993 396 1037 419 est

149 429 280 467 Romae3
304 441 398 472 eaque
422 433 516 463 caedes
538 433 569 462 in
586 434 634 463 M.
653 432 784 462 Coelium
801 432 918 463 collata.
952 434 1038 462 Aca-

147 472 300 503 demicum
316 475 448 515 appellat
464 476 583 511 strabo,
600 476 652 505 lib.
670 475 785 511 XVII,
811 486 842 516 p.
864 478 954 505 1147.
982 475 1036 505 ubi

145 520 210 545 tota
224 527 269 546 res
285 517 322 546 de
339 518 504 547 Ptolemaeo
527 525 556 548 et
578 519 726 558 legatione
747 525 884 548 accurate
899 528 1034 548 comme-

146 565 292 589 moratur.
325 560 387 590 Hic
411 567 454 591 est
469 561 532 591 Dio
547 561 757 599 Academicus,
781 561 835 602 qui
854 561 954 591 Acad.
971 559 1033 599 IV,

148 601 180 631 4.
193 608 390 633 memoratur.

185 645 370 681 Dffichares,
387 646 455 675 Att.
473 645 533 683 XI,
551 647 580 676 6.
597 646 632 676 C.
650 646 776 676 Caesaris
791 645 928 676 libertus.

186 688 323 725 Dincles,
341 688 371 718 V
373 699 430 718 err.
446 688 488 726 V,
511 693 559 719 16.
582 689 805 728 LilybaetanuS.

186 731 313 761 Diocles
326 730 452 769 Phimes,
471 732 717 767 panormitanus,
734 731 822 761 Verr.
840 730 901 769 ΙΨ,
918 732 970 762 40.

187 774 362 810 Diodorus,
379 774 416 804 de
438 775 505 805 Fat.
531 776 560 805 6.
588 775 690 804 valens
711 774 894 804 dialecticus.
930 774 1036 805 Etiam

143 815 256 846 Sextus
268 817 389 857 Empir.
403 817 666 846 διαλεκτικωτατω
680 817 823 857 appellat.
832 817 870 847 ad
883 817 955 847 Div.
970 816 1034 855 IX,

143 859 173 888 4.
189 859 332 899 possibile
347 860 463 900 aliquid
479 870 541 890 esse
555 861 693 900 putabat,
717 860 773 889 etsi
788 869 847 889 non
864 860 959 890 fieret.
983 860 1035 891 De

140 901 199 932 hoc
211 902 357 939 Diodoro,
374 903 428 944 qui
442 903 554 932 Cranus
569 902 678 932 dicitur
693 903 884 942 cognomine,
901 903 1034 944 discipu-

141 944 172 974 lo
202 945 362 986 Apollonii
388 945 482 976 Croni
508 945 665 982 dialectici,
696 945 756 975 vid.
785 945 968 985 Menagium
995 945 1034 976 ad

142 987 247 1018 La'e‘rt.
264 988 312 1026 ΙΙ,
334 992 403 1019 lll.
420 989 565 1019 Mortuus
586 995 630 1018 est
648 999 710 1029 prae
729 988 856 1028 pudore,
873 999 943 1018 cum
960 988 1034 1019 Stil-

140 1030 215 1070 poni
230 1031 269 1061 ad
280 1032 476 1072 quaestionem
486 1031 635 1061 ludicram
646 1030 825 1072 respondere
840 1040 902 1061 non
916 1032 1034 1072 potuis-

140 1078 195 1103 set.
220 1074 301 1104 Plin.
318 1074 362 1104 H.
380 1075 422 1104 N.
440 1073 520 1111 VII,
533 1075 585 1104 53.

183 1117 357 1155 Diodorus,
382 1117 438 1148 Or.
463 1115 491 1155 I,
523 1119 570 1146 ll.
595 1116 822 1157 Peripateticus.
855 1116 925 1146 Fin.
943 1116 984 1155 V,
1002 1119 1033 1147 5.

142 1157 272 1190 Critolai
281 1160 410 1190 auditor.
433 1160 532 1190 Acad.
550 1159 611 1196 ΙΨ,
624 1161 675 1189 42.
700 1159 769 1189 Fin.
784 1159 832 1196 ΙΙ,
849 1160 878 1189 6.
892 1159 1032 1190 honesta-

139 1206 246 1240 tatem‚
264 1213 334 1233 cum
346 1203 495 1234 vacuitate
510 1202 633 1240 doloris⁷
650 1212 808 1232 summum
821 1203 939 1233 bonum
948 1202 1031 1233 facit.

142 1244 243 1275 Acad.
257 1245 318 1283 ΙΨ,
336 1247 387 1275 24.

180 1289 354 1326 Diodorus,
371 1288 556 1326 Melitensis,
572 1288 661 1319 Verr.
677 1287 709 1318 V
711 1309 721 1323 ,
741 1290 790 1318 17.

181 1332 350 1369 Diodotus,
366 1332 405 1361 ad
421 1331 462 1369 Q.
479 1331 530 1361 Fr.
548 1331 576 1368 Ι,
594 1332 624 1360 2.
644 1332 673 1360 4.
687 1330 814 1360 libertus
829 1330 964 1360 Luculli.

179 1375 347 1412 Diodotus,
372 1375 502 1412 Stoicus,
526 1375 616 1404 Brut.
633 1375 684 1405 90.
704 1373 743 1402 ad
766 1373 839 1403 Div.
854 1373 958 1411 XIII,
980 1377 1028 1404 16.

137 1424 302 1458 praeceptor
326 1417 478 1448 Ciceronis
503 1416 535 1446 in
560 1415 734 1453 dialecticis,
759 1415 845 1446 domi
875 1415 1029 1447 Ciceronis

137 1467 278 1490 mortuus
293 1466 348 1490 est.
372 1459 462 1490 Conf.
480 1460 549 1489 Att.
566 1458 612 1495 ΙΙ,
626 1460 677 1489 ΞΟ.
702 1458 797 1488 Acad.
814 1458 876 1495 IV,
893 1459 945 1488 36.
962 1460 1027 1489 An-

136 1500 254 1531 tiochea
276 1503 450 1532 contemnit.
482 1502 577 1532 Tusc.
594 1502 637 1539 V,
655 1502 705 1532 39.
722 1511 817 1531 caecus
839 1501 948 1537 factus,
965 1511 1026 1532 non

134 1544 226 1574 modo
242 1545 334 1575 literis
346 1545 453 1583 utitur,
470 1545 522 1575 sed
534 1545 625 1575 etiam
640 1543 836 1584 geometriam
852 1543 947 1573 docet.
972 1545 1026 1574 Fi-

134 1585 225 1616 dibus
241 1587 337 1617 utitur
361 1588 623 1628 Pythagoreorum
649 1597 741 1616 more.
762 1586 800 1616 ad
817 1586 888 1616 Div.
910 1585 974 1624 IX,
992 1589 1022 1617 4.

134 1627 265 1659 Diodori
282 1635 351 1669 Περι
369 1636 500 1659 Δυνατων
515 1630 688 1670 opinionem
704 1639 764 1659 non
781 1631 995 1669 concoquebat.

174 1673 342 1711 Diogenes,
381 1672 602 1712 Apolloniates.
643 1672 718 1702 Nat.
744 1670 787 1700 D.
813 1670 841 1708 1,
870 1672 919 1701 12.
952 1675 1024 1702 aera

131 1713 236 1745 Deum
251 1715 331 1745 facit.
350 1714 399 1744 De
414 1725 450 1745 eo
461 1715 564 1744 Laiirt.
579 1714 642 1751 IX,
655 1715 706 1749 57.
730 1714 834 1744 Patria
848 1713 907 1744 fuit
918 1714 1022 1755 Apol-

129 1756 211 1788 lonia
226 1757 335 1796 Cretae,
352 1763 397 1796 ut,
415 1768 430 1788 e
446 1757 599 1798 Stephano
614 1758 652 1788 de
669 1757 745 1787 Uri),
761 1757 800 1787 ad
815 1766 886 1787 eum
902 1757 1018 1795 locum,
