1137 1848
268 71 414 102 INDEX
438 69 803 102 GEOGRAPHICUS.
933 69 976 99 93

97 166 190 198 quam
204 158 350 188 celebrem
365 158 518 188 victoriam
534 168 552 187 a
566 156 721 197 Spartanis
736 155 888 193 Thebani,
904 154 978 184 duc-

96 205 129 229 tu
144 198 377 239 Epaminondae,
393 201 582 236 retulerunt3
605 199 686 229 unde
697 199 894 235 Leuctricus,
910 208 938 228 v.
949 207 975 227 c.

95 242 135 271 ad.
150 242 214 271 Att.
232 242 291 280 VI,
312 246 338 272 1.

139 285 251 325 Libya,
272 287 353 327 regio
377 286 490 316 Africae
512 285 665 316 maritima
683 285 761 314 inter
779 283 977 324 Cyrena'icam

94 334 123 358 et
138 327 273 358 Africam
289 329 482 369 provinciam.

137 371 254 409 Ligur,
271 382 287 401 e
302 372 430 412 Liguria
445 371 555 402 Galliae
571 370 743 411 Cisalpinae.

138 414 331 452 Ligusticum
347 416 468 452 bellum,
491 414 528 444 de
549 414 623 444 Nat.
639 413 681 443 D.
702 412 748 450 ΙΙ,
765 413 818 450 23,
834 423 853 442 a
878 411 977 452 Ligu-

96 455 190 493 ribus,
207 457 423 497 quibuscum²³
405 464 523 487 oestum
540 462 592 486 est.

136 500 321 539 Lilybaeum,
334 500 574 540 promontorium
590 498 719 534 sienim
744 497 826 528 unde
843 497 976 538 Lilybae-

96 547 201 580 tanus,
219 542 290 573 Div.
306 544 336 573 in
355 542 458 574 Caecil.
479 546 526 574 17.

136 586 269 623 Lindus,
286 588 357 616 urbs
373 586 480 616 insulae
498 585 610 615 Rhodi.

137 629 323 666 Le'ncernus,
344 630 453 669 Agrar.
473 628 519 666 ΙΙ,
540 629 593 666 26,
613 629 651 658 ab
676 628 842 664 Materno,
866 626 978 668 oppido

95 670 283 712 Campaniae,
295 682 318 701 s.
336 673 467 702 Licerno
477 683 487 701 .·
501 671 582 701 unde
592 672 830 707 Linlerninum,
840 680 864 700 5.
874 671 980 700 Liter—

91 715 218 751 ninum,
234 715 394 755 praedium,
412 715 450 744 ad
465 715 530 745 Att.
547 714 590 751 X,
610 717 658 743 13.

137 758 329 797 Liparensis,
355 758 386 787 in
413 758 443 787 V
445 769 500 787 err.
526 756 585 794 IV,
609 758 661 795 37,
684 768 702 787 a
726 755 838 797 Lipara
863 755 975 793 insula,

95 810 165 840 quae
181 806 209 830 et
225 802 330 830 urbem
343 800 429 830 hoen
433 801 532 829 omine
543 799 644 835 habet,
660 799 794 841 principe
809 799 978 828 insularum

95 843 173 872 inter
196 843 330 873 Siciliam
354 849 383 872 et
410 842 530 872 Italiam
556 842 656 871 medio
688 843 765 872 mari
790 841 976 889 positarum;

95 896 166 926 quae
181 885 322 916 dicuntur
347 886 469 923 AEoliae,
490 894 665 925 eaeuemque
687 884 858 922 Vulcaniae,
875 889 904 913 et
925 882 979 913 Li-

96 938 215 968 paraeae.

137 973 238 1008 Liris,
255 971 353 1001 amnis
369 972 461 1002 Latii.

135 1015 346 1045 Literninum.
372 1016 412 1045 V.
429 1017 667 1046 Lintertzlnum.

135 1058 239 1093 Locri,
256 1057 294 1087 ad
310 1059 376 1087 Att.
389 1058 451 1095 VI,
471 1060 499 1095 l,
517 1060 588 1088 urbs
603 1059 634 1087 in
651 1057 792 1095 Bruttiis,
808 1056 847 1086 ad
862 1056 975 1094 sinum,

91 1100 145 1141 qui
168 1102 206 1130 ab
224 1101 296 1130 urbe
311 1102 477 1132 Locrensis
500 1101 620 1138 dicitur,
637 1100 794 1130 nobilitata
808 1099 977 1140 legislatore

95 1142 234 1173 Zaleuco.

136 1186 243 1224 Locri,
263 1186 300 1216 de
315 1187 388 1216 Nat.
404 1187 448 1218 D.
467 1186 513 1225 II,
531 1188 562 1223 2,
580 1187 720 1228 populus.

133 1230 233 1266 Luca,
250 1230 288 1259 ad
303 1230 374 1259 Div.
394 1230 421 1267 Ι,
438 1232 470 1267 9,
489 1231 635 1270 oppidum
652 1230 796 1260 Etruriae.

134 1271 257 1302 Lucani
276 1274 353 1311 agri,
381 1273 461 1303 Phil.
484 1272 584 1308 XIII,
611 1275 642 1311 5,
661 1273 692 1302 111
710 1272 830 1313 Magni).
846 1270 974 1308 Graecifi,

90 1320 143 1344 aut
157 1321 234 1345 certe
249 1316 379 1345 confines
395 1316 421 1345 ei
435 1327 444 1351 ;
468 1325 539 1345 nam
553 1325 613 1345 non
630 1315 768 1345 convenit
783 1316 860 1345 inter
875 1320 979 1344 aucto—

89 1366 147 1395 res,
164 1363 268 1388 utrum
284 1358 421 1388 Lucania
434 1359 472 1388 sit
488 1358 615 1399 Magnae
633 1358 772 1396 Graeciae,
786 1367 888 1388 necne.

134 1400 269 1437 Lucani,
285 1400 378 1431 Tusc.
395 1401 457 1438 Qu.
476 1399 503 1436 Ι,
520 1405 573 1438 37,
591 1401 705 1441 populi.

134 1443 297 1481 Luceium,
314 1454 368 1483 pro
384 1443 485 1473 Deiot.
502 1444 533 1481 6,
548 1443 704 1474 castellum
720 1443 857 1474 Deiotari
868 1443 899 1473 in
912 1443 975 1474 Ga-

92 1485 176 1515 latia.

132 1529 269 1559 Lucense
298 1530 518 1568 mwzz'czm'um,
550 1529 588 1559 ad
614 1528 687 1559 Div.
728 1528 828 1568 XIII,
858 1532 909 1567 13,
935 1535 980 1560 est

98 1570 197 1601 Luca.

132 1615 278 1651 Luceria,
294 1615 332 1645 ad
349 1615 421 1645 Β1ν.
445 1616 521 1652 XV»,
544 1617 592 1653 15,
610 1615 649 1646 ad
673 1616 739 1646 Att.
756 1614 838 1654 VII,
858 1618 908 1653 1‘2,
924 1625 978 1656 op-

87 1655 195 1695 pidum
222 1658 356 1698 Apuliae,
376 1658 455 1688 infra
475 1658 505 1688 'l
507 1669 629 1695 eanum,
651 1659 690 1689 ad
711 1638 840 1689 fluviunz
863 1658 979 1689 Cerba-

85 1698 174 1736 lu1n;
199 1701 316 1730 colonia.
334 1702 554 1731 Romanorum.

129 1742 327 1779 Lucretinus,
345 1743 382 1773 ad
399 1744 464 1773 Ate.
489 1744 517 1774 V
524 1743 567 1779 11,
595 1747 644 1779 11,
661 1755 679 1774 a
700 1745 827 1775 Lucreto
844 1745 891 1775 vel
915 1745 978 1774 Lu-
