1137 1848
254 69 403 99 INDEX
430 70 717 101 Hls'rORICUs.
870 71 934 100 363

92 156 248 193 Septimia,
270 154 309 184 ad
324 154 399 185 Div.
418 154 480 193 IX,
503 156 551 185 10.
577 155 646 185 Att.
663 156 759 193 XVI,
780 156 827 186 ll.
847 154 931 185 vide-

48 204 96 226 tur
111 207 188 227 uxor
203 197 278 227 Sieae
293 196 394 227 fuisse.

92 241 128 270 C.
151 241 325 279 Stptimius,
352 241 421 271 Att.
452 241 500 277 II,
527 241 578 271 24.
604 241 700 272 scriba
728 240 835 271 Bibuli
859 251 930 271 con—

48 282 130 312 sulis.

92 327 124 355 C.
148 327 327 365 Septimius,
351 326 420 356 Sen.
443 337 473 367 p.
491 326 568 356 Red.
594 328 624 357 9.
647 332 769 367 praetor,
795 327 830 358 P.
847 327 929 357 Len-

47 368 112 398 tulo
136 369 295 409 Spinthere
320 370 450 399 consule.
484 370 547 398 Att.
569 370 652 405 XII,
679 371 726 399 13.
754 371 799 400 14.
823 381 931 410 augur.

48 411 176 450 Pighius
206 413 344 442 Scaevolae
374 422 539 452 cognomen
574 413 611 442 de
639 414 810 451 conjectura
839 413 931 443 dedit.

47 453 129 483 Mihi
142 454 259 485 videtur
269 455 350 485 idem
363 465 423 485 esse
433 465 502 485 cum
514 465 547 484 eo
558 455 610 495 qui
623 455 661 484 ad
673 455 847 491 Div.V111,
860 458 888 485 8.
899 456 930 485 in

46 496 126 526 soto
142 497 190 526 M.
208 498 347 528 Marcelli
358 498 435 527 inter
448 508 495 527 eos
511 498 695 536 nominatur,
709 499 762 539 qui
773 498 930 529 scribendo

45 538 216 569 affuerunt:
242 540 277 570 C.
294 540 469 580 Septimius,
486 540 525 570 T.
540 541 576 570 F.
593 541 734 578 Quirina.

89 583 128 611 P.
150 584 315 621 Septimius
334 585 475 613 Scaevola.
500 583 588 614 Verr.
612 582 639 620 Ι,
660 585 706 613 13.
732 584 853 615 Cluent.
877 585 928 614 41.

46 630 175 663 senator,
201 626 238 656 (le
256 626 428 667 repetundis
450 632 616 663 accusatur,
640 633 762 667 propter
780 627 931 667 judicium

44 667 229 705 Juiiianuni,
244 668 407 699 Hortensio
418 674 552 709 praetore.
576 669 628 699 Ab
638 669 694 699 hoc
706 670 857 700 diversum
872 681 931 711 pu-

47 715 109 739 tem
127 712 164 739 P.
178 713 370 750 Septimium,
387 718 491 741 testem
507 712 538 741 in
556 711 592 741 11.
611 712 766 750 Flaccum,
784 713 808 742 F
810 713 882 744 lacc.
900 714 930 743 4.

94 754 129 786 Q.
146 756 303 793 Septicius,
325 755 412 784 Verr.
431 754 493 792 IV,
510 756 539 784 4.
561 765 652 795 eques
674 756 766 786 Rom.
785 762 884 786 arator
898 756 930 786 in

47 795 159 826 Sicilia.

89 840 322 878 Septumuleius,
345 840 538 880 Anagninus,
557 840 612 871 Or.
638 840 685 878 II,
712 841 765 876 67.
784 841 932 872 interfecit

47 881 83 911 C.
109 883 291 921 Gracchum,
319 890 348 914 et
376 894 431 923 pro
457 884 522 922 ejus
548 883 644 923 capite
673 894 783 914 aurum
808 884 931 925 accepit.

47 925 156 955 Postea
170 926 380 965 praefecturam
396 926 427 955 in
444 926 519 956 Asia
534 937 552 956 a
563 927 697 956 Scaevola
713 927 807 967 petiit.

90 970 225 1008 Serapio,
248 971 313 1000 Att.
338 968 398 1006 VI,
422 973 448 1000 l.
474 975 518 999 est
540 969 640 1010 Scipio
662 969 786 1009 Nasica,
809 969 847 1000 de
869 980 930 1012 quo

47 1016 128 1040 ante.

92 1055 227 1094 Serapio,
244 1055 310 1085 Att.
328 1055 372 1092 X,
389 1055 436 1090 17.
450 1065 552 1085 servus
566 1054 673 1085 Attici.

92 1099 226 1136 Serapio,
244 1099 311 1128 Att.
330 1097 375 1136 ΙΙ,
393 1100 422 1128 4.
443 1099 535 1128 libros
550 1099 615 1137 ejus
636 1108 695 1128 non
713 1098 856 1139 intelligit
877 1098 930 1130 Ci.

48 1150 124 1170 cero.
140 1141 215 1172 ibid.
233 1142 262 1171 G.
285 1141 517 1171 Eratosthenem
530 1141 616 1171 valde
631 1141 832 1181 reprehendit.
859 1142 932 1172 Fuit

48 1182 266 1222 Antiochenus,
283 1184 335 1224 qui
357 1184 566 1224 Geographica
586 1184 712 1224 scripsit.
734 1184 930 1215 Commemo-

44 1231 128 1255 ratur
153 1227 243 1257 etiam
269 1237 288 1256 a
308 1227 409 1257 Plinio
433 1228 464 1256 in
488 1226 625 1257 Elencho
651 1227 850 1267 Scriptorum,
875 1228 928 1257 lib.

91 1313 226 1351 Serapis,
240 1312 313 1343 Div.
326 1311 371 1349 II,
383 1314 435 1343 59.
459 1313 533 1342 Nat.
550 1312 590 1342 D.
608 1311 671 1347 ΙΙΙ,
689 1313 738 1350 19,
757 1314 813 1343 &c-
843 1312 930 1344 Deus

50 1355 278 1395 AEgyptiorum.

93 1399 128 1428 C.
148 1400 285 1432 Serenus,
304 1398 407 1428 Plane.
423 1399 453 1427 5.
468 1398 623 1437 praefertur
644 1397 686 1435 Q.
698 1397 818 1428 Catulo.
830 1398 930 1429 Graev.

48 1442 196 1477 Semnus,
213 1441 294 1481 quod
310 1442 376 1480 jam
394 1440 428 1470 P.
448 1441 591 1471 Manutio
606 1441 768 1481 placuerat.
792 1441 876 1471 Nam
893 1441 930 1473 C.

51 1484 207 1521 Serranus,
228 1484 269 1514 A.
285 1485 358 1520 646,
380 1484 517 1524 proxime
537 1484 640 1513 consul
655 1490 724 1513 ante
741 1483 887 1514 Catulum
900 1490 930 1514 et

51 1527 109 1557 Cn.
122 1527 290 1564 Manlium,
301 1527 387 1565 cujus
398 1526 534 1566 proxime
550 1526 670 1556 mentio.
695 1527 810 1562 Serani,
827 1538 850 1557 s.
862 1528 930 1558 Ser-

52 1570 128 1605 rani,
145 1575 214 1599 sunt
230 1579 267 1599 ex
282 1569 411 1606 Attiliis,
424 1569 461 1598 de
473 1569 584 1609 quibus
599 1580 698 1609 supra.

93 1614 230 1651 Sergius,
248 1612 327 1641 Phil.
342 1611 388 1648 ΙΙ,
405 1615 455 1642 25.
473 1612 593 1642 mimus.

94 1657 126 1686 C.
139 1657 264 1694 Sergius
276 1658 413 1693 Aurata,
426 1666 448 1685 s.
467 1656 574 1692 Orata,
599 1654 654 1685 Or.
672 1654 699 1694 I,
712 1656 764 1687 39.
788 1655 850 1687 Off.
866 1655 931 1694 III,

55 1699 103 1728 16.
126 1704 234 1739 praetor
248 1698 291 1728 A.
308 1699 379 1729 656.
