<?xml version="1.0" encoding="UTF-8"?>
<!DOCTYPE html PUBLIC "-//W3C//DTD XHTML 1.0 Transitional//EN"
    "http://www.w3.org/TR/xhtml1/DTD/xhtml1-transitional.dtd">
<html xmlns="http://www.w3.org/1999/xhtml" xml:lang="en" lang="en">
 <head>
  <title>
</title>
<meta http-equiv="Content-Type" content="text/html;charset=utf-8" />
  <meta name='ocr-system' content='tesseract 3.04.00' />
  <meta name='ocr-capabilities' content='ocr_page ocr_carea ocr_par ocr_line ocrx_word'/>
</head>
<body>
  <div class='ocr_page' id='page_1' title='image "./operaern12ciceuoft_0094.png"; bbox 0 0 1122 1868; ppageno 0'>
   <div class='ocr_carea' id='block_1_1' title="bbox 161 39 878 72">
    <p class='ocr_par' dir='ltr' id='par_1_1' title="bbox 161 39 878 72">
     <span class='ocr_line' id='line_1_1' title="bbox 161 39 878 72; baseline 0.004 -5"><span class='ocrx_word' id='word_1_1' title='bbox 161 40 202 68; x_wconf 77' lang='lat'>82</span> <span class='ocrx_word' id='word_1_2' title='bbox 334 39 485 71; x_wconf 86' lang='lat' dir='ltr'>INDEX</span> <span class='ocrx_word' id='word_1_3' title='bbox 510 39 878 72; x_wconf 71' lang='lat' dir='ltr'><strong>GEOGRAPHICUS.</strong></span> 
     </span>
    </p>
   </div>
   <div class='ocr_carea' id='block_1_2' title="bbox 160 123 1050 893">
    <p class='ocr_par' dir='ltr' id='par_1_2' title="bbox 168 123 1046 208">
     <span class='ocr_line' id='line_1_2' title="bbox 205 123 1046 167; baseline 0.002 -14"><span class='ocrx_word' id='word_1_4' title='bbox 205 123 376 163; x_wconf 73' lang='lat' dir='ltr'><strong><em>Euphrates,</em></strong></span> <span class='ocrx_word' id='word_1_5' title='bbox 395 126 506 156; x_wconf 86' lang='lat' dir='ltr'>fluvius</span> <span class='ocrx_word' id='word_1_6' title='bbox 525 126 621 164; x_wconf 85' lang='lat' dir='ltr'>Asiae,</span> <span class='ocrx_word' id='word_1_7' title='bbox 644 126 792 157; x_wconf 84' lang='lat' dir='ltr'>terminus</span> <span class='ocrx_word' id='word_1_8' title='bbox 812 125 932 167; x_wconf 86' lang='lat' dir='ltr'>imperii</span> <span class='ocrx_word' id='word_1_9' title='bbox 954 125 1046 156; x_wconf 84' lang='lat' dir='ltr'>Rom.</span> 
     </span>
     <span class='ocr_line' id='line_1_3' title="bbox 168 166 679 208; baseline 0.008 -12"><span class='ocrx_word' id='word_1_10' title='bbox 168 166 249 196; x_wconf 86' lang='lat' dir='ltr'>ultra</span> <span class='ocrx_word' id='word_1_11' title='bbox 263 177 355 208; x_wconf 89' lang='lat' dir='ltr'>quem</span> <span class='ocrx_word' id='word_1_12' title='bbox 371 168 478 199; x_wconf 80' lang='lat' dir='ltr'><strong>Parthi</strong></span> <span class='ocrx_word' id='word_1_13' title='bbox 492 169 679 200; x_wconf 82' lang='lat' dir='ltr'>habitabant.</span> 
     </span>
    </p>

    <p class='ocr_par' dir='ltr' id='par_1_3' title="bbox 160 209 1050 376">
     <span class='ocr_line' id='line_1_4' title="bbox 208 209 1047 252; baseline 0.002 -14"><span class='ocrx_word' id='word_1_14' title='bbox 208 209 347 249; x_wconf 74' lang='lat' dir='ltr'>Euripus,</span> <span class='ocrx_word' id='word_1_15' title='bbox 363 221 417 252; x_wconf 87' lang='lat' dir='ltr'>pro</span> <span class='ocrx_word' id='word_1_16' title='bbox 434 211 519 242; x_wconf 88' lang='lat' dir='ltr'>Mur.</span> <span class='ocrx_word' id='word_1_17' title='bbox 543 213 593 249; x_wconf 77' lang='lat'>15,</span> <span class='ocrx_word' id='word_1_18' title='bbox 609 212 719 243; x_wconf 81' lang='lat' dir='ltr'>dicitur</span> <span class='ocrx_word' id='word_1_19' title='bbox 732 212 765 242; x_wconf 89' lang='lat' dir='ltr'>in</span> <span class='ocrx_word' id='word_1_20' title='bbox 780 221 888 252; x_wconf 83' lang='lat' dir='ltr'>genere</span> <span class='ocrx_word' id='word_1_21' title='bbox 903 220 957 251; x_wconf 90' lang='lat' dir='ltr'>pro</span> <span class='ocrx_word' id='word_1_22' title='bbox 971 210 1047 240; x_wconf 78' lang='lat' dir='ltr'>freto</span> 
     </span>
     <span class='ocr_line' id='line_1_5' title="bbox 161 252 1050 295; baseline 0.001 -14"><span class='ocrx_word' id='word_1_23' title='bbox 161 252 290 292; x_wconf 82' lang='lat' dir='ltr'>longiori</span> <span class='ocrx_word' id='word_1_24' title='bbox 305 259 334 283; x_wconf 86' lang='lat' dir='ltr'>et</span> <span class='ocrx_word' id='word_1_25' title='bbox 353 254 492 293; x_wconf 86' lang='lat' dir='ltr'>tenuiori,</span> <span class='ocrx_word' id='word_1_26' title='bbox 512 255 602 295; x_wconf 75' lang='lat' dir='ltr'>quale</span> <span class='ocrx_word' id='word_1_27' title='bbox 617 255 792 286; x_wconf 76' lang='lat' dir='ltr'>Euboicum</span> <span class='ocrx_word' id='word_1_28' title='bbox 807 260 862 293; x_wconf 86' lang='lat' dir='ltr'>est,</span> <span class='ocrx_word' id='word_1_29' title='bbox 884 253 1050 284; x_wconf 85' lang='lat' dir='ltr'>Tauromi-</span> 
     </span>
     <span class='ocr_line' id='line_1_6' title="bbox 160 295 1049 336; baseline 0.001 -12"><span class='ocrx_word' id='word_1_30' title='bbox 160 295 300 325; x_wconf 86' lang='lat' dir='ltr'>nitanum</span> <span class='ocrx_word' id='word_1_31' title='bbox 318 296 350 326; x_wconf 91' lang='lat' dir='ltr'>in</span> <span class='ocrx_word' id='word_1_32' title='bbox 366 297 479 336; x_wconf 64' lang='lat' dir='ltr'>Sicilia,</span> <span class='ocrx_word' id='word_1_33' title='bbox 501 299 558 328; x_wconf 63' lang='grc' dir='ltr'>ἃς.</span> <span class='ocrx_word' id='word_1_34' title='bbox 580 297 629 328; x_wconf 92' lang='lat' dir='ltr'>De</span> <span class='ocrx_word' id='word_1_35' title='bbox 651 299 793 335; x_wconf 71' lang='lat' dir='ltr'>Euboico,</span> <span class='ocrx_word' id='word_1_36' title='bbox 815 307 844 328; x_wconf 85' lang='lat' dir='ltr'>v.</span> <span class='ocrx_word' id='word_1_37' title='bbox 865 296 1049 328; x_wconf 64' lang='lat' dir='ltr'>Chalcidicas</span> 
     </span>
     <span class='ocr_line' id='line_1_7' title="bbox 165 345 306 376; baseline 0.007 -9"><span class='ocrx_word' id='word_1_38' title='bbox 165 345 306 376; x_wconf 67' lang='lat' dir='ltr'>Lampus.</span> 
     </span>
    </p>

    <p class='ocr_par' dir='ltr' id='par_1_4' title="bbox 160 381 1050 795">
     <span class='ocr_line' id='line_1_8' title="bbox 207 381 1046 422; baseline 0 -12"><span class='ocrx_word' id='word_1_39' title='bbox 207 381 344 419; x_wconf 82' lang='lat' dir='ltr'>Eurotas,</span> <span class='ocrx_word' id='word_1_40' title='bbox 364 382 402 412; x_wconf 88' lang='lat' dir='ltr'>ad</span> <span class='ocrx_word' id='word_1_41' title='bbox 427 383 493 414; x_wconf 86' lang='lat' dir='ltr'>Att.</span> <span class='ocrx_word' id='word_1_42' title='bbox 517 383 594 421; x_wconf 81' lang='lat' dir='ltr'>XV,</span> <span class='ocrx_word' id='word_1_43' title='bbox 610 385 642 420; x_wconf 79' lang='lat'>9,</span> <span class='ocrx_word' id='word_1_44' title='bbox 659 382 770 414; x_wconf 85' lang='lat' dir='ltr'>fluvius</span> <span class='ocrx_word' id='word_1_45' title='bbox 788 381 930 413; x_wconf 84' lang='lat' dir='ltr'>Laconiae</span> <span class='ocrx_word' id='word_1_46' title='bbox 952 391 1046 422; x_wconf 88' lang='lat' dir='ltr'>prope</span> 
     </span>
     <span class='ocr_line' id='line_1_9' title="bbox 162 423 1047 464; baseline -0.002 -10"><span class='ocrx_word' id='word_1_47' title='bbox 162 424 314 464; x_wconf 80' lang='lat' dir='ltr'><strong>Spartam,</strong></span> <span class='ocrx_word' id='word_1_48' title='bbox 344 425 454 456; x_wconf 88' lang='lat' dir='ltr'>nobih&#39;s</span> <span class='ocrx_word' id='word_1_49' title='bbox 483 426 697 456; x_wconf 86' lang='lat' dir='ltr'><strong>certaminibus</strong></span> <span class='ocrx_word' id='word_1_50' title='bbox 721 433 750 457; x_wconf 90' lang='lat' dir='ltr'>et</span> <span class='ocrx_word' id='word_1_51' title='bbox 773 423 1047 460; x_wconf 83' lang='lat' dir='ltr'>exercitationibus,</span> 
     </span>
     <span class='ocr_line' id='line_1_10' title="bbox 163 466 1047 508; baseline 0.001 -13"><span class='ocrx_word' id='word_1_52' title='bbox 163 476 232 506; x_wconf 84' lang='lat' dir='ltr'>quae</span> <span class='ocrx_word' id='word_1_53' title='bbox 256 478 274 496; x_wconf 87' lang='lat' dir='ltr'>a</span> <span class='ocrx_word' id='word_1_54' title='bbox 292 468 448 508; x_wconf 83' lang='lat' dir='ltr'>Spartanis</span> <span class='ocrx_word' id='word_1_55' title='bbox 467 469 506 499; x_wconf 85' lang='lat' dir='ltr'>ad</span> <span class='ocrx_word' id='word_1_56' title='bbox 530 479 600 499; x_wconf 87' lang='lat' dir='ltr'>eum</span> <span class='ocrx_word' id='word_1_57' title='bbox 615 469 814 499; x_wconf 83' lang='lat' dir='ltr'>habebantur.</span> <span class='ocrx_word' id='word_1_58' title='bbox 836 468 877 499; x_wconf 89' lang='lat' dir='ltr'>V.</span> <span class='ocrx_word' id='word_1_59' title='bbox 895 467 988 497; x_wconf 87' lang='lat' dir='ltr'>Tusc.</span> <span class='ocrx_word' id='word_1_60' title='bbox 1003 466 1047 503; x_wconf 95' lang='lat' dir='ltr'>V,</span> 
     </span>
     <span class='ocr_line' id='line_1_11' title="bbox 162 509 1049 550; baseline 0 -12"><span class='ocrx_word' id='word_1_61' title='bbox 162 510 216 546; x_wconf 77' lang='lat'>34,</span> <span class='ocrx_word' id='word_1_62' title='bbox 227 509 280 540; x_wconf 89' lang='lat' dir='ltr'>ubi</span> <span class='ocrx_word' id='word_1_63' title='bbox 292 518 476 541; x_wconf 84' lang='lat' dir='ltr'>memoratur</span> <span class='ocrx_word' id='word_1_64' title='bbox 490 522 591 542; x_wconf 79' lang='lat' dir='ltr'>cursus</span> <span class='ocrx_word' id='word_1_65' title='bbox 602 513 637 541; x_wconf 85' lang='lat' dir='ltr'>ab</span> <span class='ocrx_word' id='word_1_66' title='bbox 651 511 776 542; x_wconf 72' lang='grc' dir='ltr'><em>Ειινοτᾶ.</em></span> <span class='ocrx_word' id='word_1_67' title='bbox 792 511 843 541; x_wconf 87' lang='lat' dir='ltr'>Ad</span> <span class='ocrx_word' id='word_1_68' title='bbox 855 510 939 540; x_wconf 87' lang='lat' dir='ltr'>fluvii</span> <span class='ocrx_word' id='word_1_69' title='bbox 950 509 1049 550; x_wconf 86' lang='lat' dir='ltr'>ripam</span> 
     </span>
     <span class='ocr_line' id='line_1_12' title="bbox 163 551 1047 595; baseline 0 -14"><span class='ocrx_word' id='word_1_70' title='bbox 163 551 307 582; x_wconf 87' lang='lat' dir='ltr'>sedebant</span> <span class='ocrx_word' id='word_1_71' title='bbox 332 560 532 593; x_wconf 81' lang='lat' dir='ltr'>spectatores:</span> <span class='ocrx_word' id='word_1_72' title='bbox 565 554 636 585; x_wconf 84' lang='lat' dir='ltr'>hinc</span> <span class='ocrx_word' id='word_1_73' title='bbox 664 555 815 595; x_wconf 85' lang='lat' dir='ltr'>proverbii</span> <span class='ocrx_word' id='word_1_74' title='bbox 844 553 907 584; x_wconf 89' lang='lat' dir='ltr'>vim</span> <span class='ocrx_word' id='word_1_75' title='bbox 936 553 1047 582; x_wconf 83' lang='lat' dir='ltr'>habere</span> 
     </span>
     <span class='ocr_line' id='line_1_13' title="bbox 160 594 1048 635; baseline -0.001 -11"><span class='ocrx_word' id='word_1_76' title='bbox 160 594 277 632; x_wconf 85' lang='lat' dir='ltr'>dicunt,</span> <span class='ocrx_word' id='word_1_77' title='bbox 293 596 330 625; x_wconf 79' lang='lat' dir='ltr'>ad</span> <span class='ocrx_word' id='word_1_78' title='bbox 357 596 500 627; x_wconf 78' lang='lat' dir='ltr'>Eurotam</span> <span class='ocrx_word' id='word_1_79' title='bbox 514 598 622 635; x_wconf 78' lang='lat' dir='ltr'>sedere,</span> <span class='ocrx_word' id='word_1_80' title='bbox 648 603 682 627; x_wconf 90' lang='lat' dir='ltr'>ut</span> <span class='ocrx_word' id='word_1_81' title='bbox 697 597 746 633; x_wconf 87' lang='lat' dir='ltr'>sit,</span> <span class='ocrx_word' id='word_1_82' title='bbox 763 597 893 627; x_wconf 84' lang='lat' dir='ltr'>aliorum</span> <span class='ocrx_word' id='word_1_83' title='bbox 913 594 1048 625; x_wconf 85' lang='lat' dir='ltr'>miserias</span> 
     </span>
     <span class='ocr_line' id='line_1_14' title="bbox 163 637 1048 680; baseline 0 -14"><span class='ocrx_word' id='word_1_84' title='bbox 163 643 192 667; x_wconf 81' lang='lat' dir='ltr'>et</span> <span class='ocrx_word' id='word_1_85' title='bbox 218 637 332 668; x_wconf 87' lang='lat' dir='ltr'>labores</span> <span class='ocrx_word' id='word_1_86' title='bbox 362 639 491 670; x_wconf 86' lang='lat' dir='ltr'>otiosum</span> <span class='ocrx_word' id='word_1_87' title='bbox 519 646 660 680; x_wconf 85' lang='lat' dir='ltr'>spectare.</span> <span class='ocrx_word' id='word_1_88' title='bbox 684 640 743 670; x_wconf 86' lang='lat' dir='ltr'>Sed</span> <span class='ocrx_word' id='word_1_89' title='bbox 768 640 909 669; x_wconf 73' lang='lat' dir='ltr'>Eurotam</span> <span class='ocrx_word' id='word_1_90' title='bbox 931 638 1048 668; x_wconf 88' lang='lat' dir='ltr'>Brutus</span> 
     </span>
     <span class='ocr_line' id='line_1_15' title="bbox 161 680 1047 723; baseline 0 -14"><span class='ocrx_word' id='word_1_91' title='bbox 161 680 334 720; x_wconf 80' lang='lat' dir='ltr'>appellabat</span> <span class='ocrx_word' id='word_1_92' title='bbox 359 682 472 721; x_wconf 86' lang='lat' dir='ltr'>rivum,</span> <span class='ocrx_word' id='word_1_93' title='bbox 497 683 550 723; x_wconf 88' lang='lat' dir='ltr'>qui</span> <span class='ocrx_word' id='word_1_94' title='bbox 576 683 681 712; x_wconf 75' lang='lat' dir='ltr'>villam</span> <span class='ocrx_word' id='word_1_95' title='bbox 707 682 902 712; x_wconf 83' lang='lat' dir='ltr'>Lanuvinam</span> <span class='ocrx_word' id='word_1_96' title='bbox 920 680 1047 720; x_wconf 86' lang='lat' dir='ltr'>rigabat.</span> 
     </span>
     <span class='ocr_line' id='line_1_16' title="bbox 163 721 1050 763; baseline 0.001 -11"><span class='ocrx_word' id='word_1_97' title='bbox 163 721 272 763; x_wconf 77' lang='lat' dir='ltr'>Itaque</span> <span class='ocrx_word' id='word_1_98' title='bbox 287 725 324 753; x_wconf 88' lang='lat' dir='ltr'>ad</span> <span class='ocrx_word' id='word_1_99' title='bbox 345 724 488 756; x_wconf 74' lang='lat' dir='ltr'>Eurotam</span> <span class='ocrx_word' id='word_1_100' title='bbox 510 726 608 756; x_wconf 77' lang='lat' dir='ltr'>sedere</span> <span class='ocrx_word' id='word_1_101' title='bbox 626 734 670 755; x_wconf 83' lang='lat' dir='ltr'>est</span> <span class='ocrx_word' id='word_1_102' title='bbox 689 725 721 755; x_wconf 85' lang='lat' dir='ltr'>in</span> <span class='ocrx_word' id='word_1_103' title='bbox 742 725 815 755; x_wconf 64' lang='lat' dir='ltr'>villa</span> <span class='ocrx_word' id='word_1_104' title='bbox 830 724 959 755; x_wconf 84' lang='lat' dir='ltr'>otiosum</span> <span class='ocrx_word' id='word_1_105' title='bbox 984 732 1050 754; x_wconf 83' lang='lat' dir='ltr'>ver-</span> 
     </span>
     <span class='ocr_line' id='line_1_17' title="bbox 166 775 233 795; baseline 0 0"><span class='ocrx_word' id='word_1_106' title='bbox 166 775 233 795; x_wconf 81' lang='lat' dir='ltr'>sai-1.</span> 
     </span>
    </p>

    <p class='ocr_par' dir='ltr' id='par_1_5' title="bbox 162 808 1048 893">
     <span class='ocr_line' id='line_1_18' title="bbox 204 808 1048 851; baseline -0.001 -13"><span class='ocrx_word' id='word_1_107' title='bbox 204 808 338 839; x_wconf 62' lang='lat' dir='ltr'>Euxinus</span> <span class='ocrx_word' id='word_1_108' title='bbox 353 815 474 848; x_wconf 74' lang='lat' dir='ltr'>pontus,</span> <span class='ocrx_word' id='word_1_109' title='bbox 492 820 576 841; x_wconf 84' lang='lat' dir='ltr'>mare</span> <span class='ocrx_word' id='word_1_110' title='bbox 598 810 676 841; x_wconf 85' lang='lat' dir='ltr'>inter</span> <span class='ocrx_word' id='word_1_111' title='bbox 698 810 856 851; x_wconf 83' lang='lat' dir='ltr'>Europam</span> <span class='ocrx_word' id='word_1_112' title='bbox 878 815 907 840; x_wconf 86' lang='lat' dir='ltr'>et</span> <span class='ocrx_word' id='word_1_113' title='bbox 926 808 1048 845; x_wconf 87' lang='lat' dir='ltr'>Asiam,</span> 
     </span>
     <span class='ocr_line' id='line_1_19' title="bbox 162 852 498 893; baseline 0.006 -12"><span class='ocrx_word' id='word_1_114' title='bbox 162 861 253 892; x_wconf 87' lang='lat' dir='ltr'>supra</span> <span class='ocrx_word' id='word_1_115' title='bbox 268 852 498 893; x_wconf 84' lang='lat' dir='ltr'>Propontidem.</span> 
     </span>
    </p>
   </div>
   <div class='ocr_carea' id='block_1_3' title="bbox 589 940 625 969">
    <p class='ocr_par' dir='ltr' id='par_1_6' title="bbox 589 940 625 969">
     <span class='ocr_line' id='line_1_20' title="bbox 589 940 625 969; baseline 0 0"><span class='ocrx_word' id='word_1_116' title='bbox 589 940 625 969; x_wconf 91' lang='lat' dir='ltr'>F.</span> 
     </span>
    </p>
   </div>
   <div class='ocr_carea' id='block_1_4' title="bbox 163 1065 1049 1706">
    <p class='ocr_par' dir='ltr' id='par_1_7' title="bbox 165 1065 1047 1148">
     <span class='ocr_line' id='line_1_21' title="bbox 206 1065 1047 1107; baseline -0.004 -10"><span class='ocrx_word' id='word_1_117' title='bbox 206 1067 392 1104; x_wconf 77' lang='lat' dir='ltr'>Fabrateria,</span> <span class='ocrx_word' id='word_1_118' title='bbox 409 1067 447 1097; x_wconf 86' lang='lat' dir='ltr'>ad</span> <span class='ocrx_word' id='word_1_119' title='bbox 466 1067 538 1097; x_wconf 89' lang='lat' dir='ltr'>Div.</span> <span class='ocrx_word' id='word_1_120' title='bbox 555 1066 617 1105; x_wconf 89' lang='lat' dir='ltr'>IX,</span> <span class='ocrx_word' id='word_1_121' title='bbox 634 1068 687 1105; x_wconf 78' lang='lat'>24,</span> <span class='ocrx_word' id='word_1_122' title='bbox 703 1066 851 1107; x_wconf 88' lang='lat' dir='ltr'>oppidum</span> <span class='ocrx_word' id='word_1_123' title='bbox 867 1065 1047 1096; x_wconf 84' lang='lat' dir='ltr'>Volscorum</span> 
     </span>
     <span class='ocr_line' id='line_1_22' title="bbox 165 1108 786 1148; baseline 0 -10"><span class='ocrx_word' id='word_1_124' title='bbox 165 1108 203 1139; x_wconf 86' lang='lat' dir='ltr'>ad</span> <span class='ocrx_word' id='word_1_125' title='bbox 218 1120 341 1141; x_wconf 84' lang='lat' dir='ltr'>amnem</span> <span class='ocrx_word' id='word_1_126' title='bbox 355 1109 499 1148; x_wconf 85' lang='lat' dir='ltr'>Trerum,</span> <span class='ocrx_word' id='word_1_127' title='bbox 514 1110 604 1140; x_wconf 80' lang='lat' dir='ltr'>hodie</span> <span class='ocrx_word' id='word_1_128' title='bbox 619 1111 786 1140; x_wconf 74' lang='lat' dir='ltr'>Falvatera.</span> 
     </span>
    </p>

    <p class='ocr_par' dir='ltr' id='par_1_8' title="bbox 167 1151 1049 1235">
     <span class='ocr_line' id='line_1_23' title="bbox 206 1151 1049 1193; baseline -0.004 -10"><span class='ocrx_word' id='word_1_129' title='bbox 206 1153 357 1183; x_wconf 81' lang='lat' dir='ltr'>Falernus</span> <span class='ocrx_word' id='word_1_130' title='bbox 371 1163 452 1193; x_wconf 81' lang='lat' dir='ltr'>ager,</span> <span class='ocrx_word' id='word_1_131' title='bbox 469 1153 507 1183; x_wconf 86' lang='lat' dir='ltr'>ad</span> <span class='ocrx_word' id='word_1_132' title='bbox 521 1153 635 1183; x_wconf 86' lang='lat' dir='ltr'>radices</span> <span class='ocrx_word' id='word_1_133' title='bbox 646 1152 758 1182; x_wconf 85' lang='lat' dir='ltr'>montis</span> <span class='ocrx_word' id='word_1_134' title='bbox 769 1151 895 1182; x_wconf 85' lang='lat' dir='ltr'>Massici</span> <span class='ocrx_word' id='word_1_135' title='bbox 910 1151 940 1180; x_wconf 87' lang='lat' dir='ltr'>in</span> <span class='ocrx_word' id='word_1_136' title='bbox 957 1152 1049 1180; x_wconf 76' lang='lat' dir='ltr'>Caui-</span> 
     </span>
     <span class='ocr_line' id='line_1_24' title="bbox 167 1194 802 1235; baseline 0 -10"><span class='ocrx_word' id='word_1_137' title='bbox 167 1194 270 1235; x_wconf 63' lang='lat' dir='ltr'>pania,</span> <span class='ocrx_word' id='word_1_138' title='bbox 286 1195 356 1225; x_wconf 87' lang='lat' dir='ltr'>vino</span> <span class='ocrx_word' id='word_1_139' title='bbox 370 1195 488 1226; x_wconf 86' lang='lat' dir='ltr'>nobilis.</span> <span class='ocrx_word' id='word_1_140' title='bbox 512 1195 553 1226; x_wconf 89' lang='lat' dir='ltr'>V.</span> <span class='ocrx_word' id='word_1_141' title='bbox 578 1196 700 1226; x_wconf 78' lang='lat' dir='ltr'>Gaurus</span> <span class='ocrx_word' id='word_1_142' title='bbox 714 1205 802 1225; x_wconf 86' lang='lat' dir='ltr'>mons.</span> 
     </span>
    </p>

    <p class='ocr_par' dir='ltr' id='par_1_9' title="bbox 167 1235 1048 1310">
     <span class='ocr_line' id='line_1_25' title="bbox 208 1235 1048 1279; baseline -0.002 -11"><span class='ocrx_word' id='word_1_143' title='bbox 208 1235 376 1274; x_wconf 79' lang='lat' dir='ltr'>Falernum,</span> <span class='ocrx_word' id='word_1_144' title='bbox 401 1238 480 1268; x_wconf 89' lang='lat' dir='ltr'>Phil.</span> <span class='ocrx_word' id='word_1_145' title='bbox 501 1237 602 1277; x_wconf 84' lang='lat' dir='ltr'>XIII,</span> <span class='ocrx_word' id='word_1_146' title='bbox 624 1240 655 1276; x_wconf 86' lang='lat'>5,</span> <span class='ocrx_word' id='word_1_147' title='bbox 677 1237 825 1279; x_wconf 87' lang='lat' dir='ltr'>praedium</span> <span class='ocrx_word' id='word_1_148' title='bbox 847 1237 879 1267; x_wconf 91' lang='lat' dir='ltr'>in</span> <span class='ocrx_word' id='word_1_149' title='bbox 895 1246 968 1277; x_wconf 85' lang='lat' dir='ltr'>agro</span> <span class='ocrx_word' id='word_1_150' title='bbox 988 1235 1048 1266; x_wconf 81' lang='lat' dir='ltr'>Fa-</span> 
     </span>
     <span class='ocr_line' id='line_1_26' title="bbox 167 1280 260 1310; baseline 0.011 -1"><span class='ocrx_word' id='word_1_151' title='bbox 167 1280 260 1310; x_wconf 85' lang='lat' dir='ltr'>lerno.</span> 
     </span>
    </p>

    <p class='ocr_par' dir='ltr' id='par_1_10' title="bbox 163 1321 1049 1446">
     <span class='ocr_line' id='line_1_27' title="bbox 209 1321 1049 1365; baseline -0.001 -13"><span class='ocrx_word' id='word_1_152' title='bbox 209 1324 355 1361; x_wconf 76' lang='lat' dir='ltr'>Faliscus,</span> <span class='ocrx_word' id='word_1_153' title='bbox 363 1334 401 1354; x_wconf 81' lang='lat' dir='ltr'>sc.</span> <span class='ocrx_word' id='word_1_154' title='bbox 419 1334 500 1365; x_wconf 87' lang='lat' dir='ltr'>ager,</span> <span class='ocrx_word' id='word_1_155' title='bbox 513 1324 590 1355; x_wconf 85' lang='lat' dir='ltr'>circa</span> <span class='ocrx_word' id='word_1_156' title='bbox 603 1322 881 1362; x_wconf 73' lang='lat' dir='ltr'>FaleriosAEtruriae</span> <span class='ocrx_word' id='word_1_157' title='bbox 890 1321 1049 1363; x_wconf 89' lang='lat' dir='ltr'>oppidum,</span> 
     </span>
     <span class='ocr_line' id='line_1_28' title="bbox 163 1365 1045 1404; baseline -0.002 -9"><span class='ocrx_word' id='word_1_158' title='bbox 163 1366 250 1404; x_wconf 86' lang='lat' dir='ltr'>cujus</span> <span class='ocrx_word' id='word_1_159' title='bbox 265 1366 371 1397; x_wconf 85' lang='lat' dir='ltr'>incolae</span> <span class='ocrx_word' id='word_1_160' title='bbox 388 1367 506 1397; x_wconf 80' lang='lat' dir='ltr'>Falisci.</span> <span class='ocrx_word' id='word_1_161' title='bbox 528 1367 577 1398; x_wconf 86' lang='lat' dir='ltr'>De</span> <span class='ocrx_word' id='word_1_162' title='bbox 592 1377 627 1397; x_wconf 87' lang='lat' dir='ltr'>eo</span> <span class='ocrx_word' id='word_1_163' title='bbox 642 1377 670 1397; x_wconf 89' lang='lat' dir='ltr'>v.</span> <span class='ocrx_word' id='word_1_164' title='bbox 686 1367 793 1397; x_wconf 89' lang='lat' dir='ltr'>Heins.</span> <span class='ocrx_word' id='word_1_165' title='bbox 810 1365 849 1396; x_wconf 87' lang='lat' dir='ltr'>ad</span> <span class='ocrx_word' id='word_1_166' title='bbox 863 1365 955 1397; x_wconf 84' lang='lat' dir='ltr'>Ovid.</span> <span class='ocrx_word' id='word_1_167' title='bbox 972 1365 1045 1394; x_wconf 85' lang='lat' dir='ltr'>Am.</span> 
     </span>
     <span class='ocr_line' id='line_1_29' title="bbox 165 1407 381 1446; baseline 0.009 -9"><span class='ocrx_word' id='word_1_168' title='bbox 165 1407 229 1446; x_wconf 89' lang='lat' dir='ltr'>III,</span> <span class='ocrx_word' id='word_1_169' title='bbox 250 1409 299 1446; x_wconf 87' lang='lat'>13,</span> <span class='ocrx_word' id='word_1_170' title='bbox 315 1409 381 1439; x_wconf 88' lang='lat' dir='ltr'>init.</span> 
     </span>
    </p>

    <p class='ocr_par' dir='ltr' id='par_1_11' title="bbox 164 1449 1049 1706">
     <span class='ocr_line' id='line_1_30' title="bbox 208 1449 1049 1493; baseline -0.002 -12"><span class='ocrx_word' id='word_1_171' title='bbox 208 1452 377 1489; x_wconf 74' lang='lat' dir='ltr'>Ferentani,</span> <span class='ocrx_word' id='word_1_172' title='bbox 405 1450 527 1484; x_wconf 82' lang='lat' dir='ltr'>Cluent.</span> <span class='ocrx_word' id='word_1_173' title='bbox 550 1454 602 1490; x_wconf 78' lang='lat'>69,</span> <span class='ocrx_word' id='word_1_174' title='bbox 624 1452 729 1483; x_wconf 83' lang='lat' dir='ltr'>incolae</span> <span class='ocrx_word' id='word_1_175' title='bbox 749 1451 853 1493; x_wconf 87' lang='lat' dir='ltr'>oppidi</span> <span class='ocrx_word' id='word_1_176' title='bbox 875 1451 1004 1481; x_wconf 77' lang='lat' dir='ltr'>Ferentii</span> <span class='ocrx_word' id='word_1_177' title='bbox 1018 1449 1049 1480; x_wconf 89' lang='lat' dir='ltr'>in</span> 
     </span>
     <span class='ocr_line' id='line_1_31' title="bbox 164 1493 1046 1535; baseline -0.001 -11"><span class='ocrx_word' id='word_1_178' title='bbox 164 1493 290 1534; x_wconf 65' lang='lat' dir='ltr'>Apulia,</span> <span class='ocrx_word' id='word_1_179' title='bbox 315 1495 405 1525; x_wconf 81' lang='lat' dir='ltr'>vicini</span> <span class='ocrx_word' id='word_1_180' title='bbox 431 1496 585 1526; x_wconf 87' lang='lat' dir='ltr'>Venusiae.</span> <span class='ocrx_word' id='word_1_181' title='bbox 622 1495 672 1526; x_wconf 88' lang='lat' dir='ltr'>Sic</span> <span class='ocrx_word' id='word_1_182' title='bbox 697 1495 799 1535; x_wconf 85' lang='lat' dir='ltr'>vulgo.</span> <span class='ocrx_word' id='word_1_183' title='bbox 822 1494 882 1525; x_wconf 74' lang='lat' dir='ltr'>Sed</span> <span class='ocrx_word' id='word_1_184' title='bbox 909 1493 1046 1523; x_wconf 85' lang='lat' dir='ltr'>Graevius</span> 
     </span>
     <span class='ocr_line' id='line_1_32' title="bbox 164 1535 1049 1579; baseline -0.002 -12"><span class='ocrx_word' id='word_1_185' title='bbox 164 1538 240 1567; x_wconf 84' lang='lat' dir='ltr'>bene</span> <span class='ocrx_word' id='word_1_186' title='bbox 255 1543 355 1568; x_wconf 86' lang='lat' dir='ltr'>censet</span> <span class='ocrx_word' id='word_1_187' title='bbox 368 1538 532 1578; x_wconf 85' lang='lat' dir='ltr'>legendum</span> <span class='ocrx_word' id='word_1_188' title='bbox 549 1539 702 1576; x_wconf 79' lang='lat' dir='ltr'>Frentani,</span> <span class='ocrx_word' id='word_1_189' title='bbox 717 1538 771 1579; x_wconf 89' lang='lat' dir='ltr'>qui</span> <span class='ocrx_word' id='word_1_190' title='bbox 781 1542 851 1567; x_wconf 86' lang='lat' dir='ltr'>sunt</span> <span class='ocrx_word' id='word_1_191' title='bbox 862 1535 951 1567; x_wconf 83' lang='lat' dir='ltr'>vicini</span> <span class='ocrx_word' id='word_1_192' title='bbox 962 1536 1049 1566; x_wconf 85' lang='lat' dir='ltr'>Mar-</span> 
     </span>
     <span class='ocr_line' id='line_1_33' title="bbox 166 1578 1048 1621; baseline -0.001 -12"><span class='ocrx_word' id='word_1_193' title='bbox 166 1580 288 1618; x_wconf 84' lang='lat' dir='ltr'>rucinis,</span> <span class='ocrx_word' id='word_1_194' title='bbox 306 1580 489 1621; x_wconf 87' lang='lat' dir='ltr'>quibuscum</span> <span class='ocrx_word' id='word_1_195' title='bbox 500 1582 521 1611; x_wconf 92' lang='lat'>1.</span> <span class='ocrx_word' id='word_1_196' title='bbox 532 1591 557 1611; x_wconf 92' lang='lat' dir='ltr'>c.</span> <span class='ocrx_word' id='word_1_197' title='bbox 570 1582 752 1621; x_wconf 80' lang='lat' dir='ltr'>junguntur.</span> <span class='ocrx_word' id='word_1_198' title='bbox 776 1580 872 1616; x_wconf 82' lang='lat' dir='ltr'>Nam,</span> <span class='ocrx_word' id='word_1_199' title='bbox 885 1588 945 1609; x_wconf 90' lang='lat' dir='ltr'>non</span> <span class='ocrx_word' id='word_1_200' title='bbox 957 1578 1048 1608; x_wconf 86' lang='lat' dir='ltr'>modo</span> 
     </span>
     <span class='ocr_line' id='line_1_34' title="bbox 166 1621 1044 1662; baseline -0.002 -10"><span class='ocrx_word' id='word_1_201' title='bbox 166 1622 288 1653; x_wconf 87' lang='lat' dir='ltr'>nullum</span> <span class='ocrx_word' id='word_1_202' title='bbox 322 1629 366 1653; x_wconf 85' lang='lat' dir='ltr'>est</span> <span class='ocrx_word' id='word_1_203' title='bbox 394 1624 564 1653; x_wconf 76' lang='lat' dir='ltr'>Ferentium</span> <span class='ocrx_word' id='word_1_204' title='bbox 600 1630 653 1653; x_wconf 85' lang='lat' dir='ltr'>aut</span> <span class='ocrx_word' id='word_1_205' title='bbox 678 1624 706 1654; x_wconf 82' lang='lat' dir='ltr'><em>F</em></span> <span class='ocrx_word' id='word_1_206' title='bbox 707 1629 836 1654; x_wconf 81' lang='lat' dir='ltr'>eremum</span> <span class='ocrx_word' id='word_1_207' title='bbox 859 1623 891 1652; x_wconf 87' lang='lat' dir='ltr'>in</span> <span class='ocrx_word' id='word_1_208' title='bbox 920 1621 1044 1662; x_wconf 62' lang='lat' dir='ltr'>Apulia,</span> 
     </span>
     <span class='ocr_line' id='line_1_35' title="bbox 164 1664 1046 1706; baseline -0.002 -11"><span class='ocrx_word' id='word_1_209' title='bbox 164 1665 246 1705; x_wconf 87' lang='lat' dir='ltr'>quod</span> <span class='ocrx_word' id='word_1_210' title='bbox 269 1666 360 1706; x_wconf 83' lang='lat' dir='ltr'>vulgo</span> <span class='ocrx_word' id='word_1_211' title='bbox 384 1672 513 1706; x_wconf 82' lang='lat' dir='ltr'>putant;</span> <span class='ocrx_word' id='word_1_212' title='bbox 538 1666 589 1697; x_wconf 87' lang='lat' dir='ltr'>sed</span> <span class='ocrx_word' id='word_1_213' title='bbox 613 1676 651 1696; x_wconf 87' lang='lat' dir='ltr'>ne</span> <span class='ocrx_word' id='word_1_214' title='bbox 677 1667 831 1697; x_wconf 79' lang='lat' dir='ltr'>Ferentani</span> <span class='ocrx_word' id='word_1_215' title='bbox 853 1664 989 1706; x_wconf 86' lang='lat' dir='ltr'>quidem,</span> <span class='ocrx_word' id='word_1_216' title='bbox 1013 1669 1046 1693; x_wconf 91' lang='lat' dir='ltr'>ut</span> 
     </span>
    </p>
   </div>
  </div>
 </body>
</html>
