1122 1868
130 73 171 102 56
367 71 535 103 TRIBUS
558 69 781 102 ROMANAE.

128 156 286 187 reditatem
307 156 378 187 filiae
396 157 599 194 redditurum,
615 156 681 196 cogi
696 166 757 186 non
774 162 900 198 poterat.
926 157 966 189 V.
982 157 1019 189 de

130 200 269 238 Fin.11‚
294 200 344 235 17.
374 200 423 231 De
438 201 494 231 hac
508 201 575 240 lege
594 199 696 236 multi,
719 200 750 229 in
771 200 877 241 primis
892 200 1021 231 Baldui-

132 253 202 279 nus
227 223 279 273 seii
305 243 444 273 omnium
465 243 579 283 optime
602 243 673 272 Jac.
696 241 899 273 Perizonius
891 253 923 273 m
938 243 1020 274 Diss.

132 285 170 315 de
186 285 269 326 Lege
284 286 432 325 Voconia,
455 286 508 327 qui
523 285 642 327 primus
657 285 750 325 hujus
768 285 843 327 legis
858 286 921 318 vim
936 296 1023 317 accu-

135 334 199 359 rate
213 329 375 370 perspexit.

501 429 654 454 ψ.

247 513 443 553 TRIBUS
472 515 719 555 ROMANAE
746 515 910 553 XXXV,

135 608 221 638 AEm.
244 609 292 640 vel
308 611 402 641 AEmi.
425 611 564 642 AEmilia.
635 611 686 649 lia,
717 621 740 641 S.
778 610 922 652 Popillia,
949 610 1029 643 Pub.

180 651 294 683 Cicero.
637 654 726 684 Publ.
747 660 777 685 et
792 654 901 684 Publii.
918 653 1027 684 Publi-

135 693 207 725 Ani.
219 695 372 726 Aniensis.
386 696 502 736 Cicero,
514 697 568 739 qui
637 697 688 727 lia.
704 697 777 727 item
798 697 873 735 Pup.
893 696 982 736 Pupt.
997 702 1027 727 et

179 738 320 769 ultimam
332 739 414 779 facit,
425 741 505 781 Agr.
518 741 566 779 ΙΙ,
639 741 750 778 Puplib.
767 739 917 781 Puplilia.

181 782 234 811 29.
597 783 662 813 Pol.
679 782 788 813 Pollia.

138 823 217 856 Arn.
233 825 280 855 vel
296 825 419 858 Arnien.
437 825 570 857 Arnien-
598 827 683 857 Pom.
700 826 748 856 vel
765 825 869 864 Pomp.
887 824 1027 866 Pompti-

179 867 228 897 sis.
253 868 369 899 Cicero.
639 879 690 907 na,
707 868 852 907 Ponfina,
876 867 992 899 Cicero.

139 909 205 940 Cla.
221 910 361 941 Claudia.
600 911 676 951 Pup.
694 910 836 952 Pupinia.
859 911 976 942 Cicero.

138 952 205 984 Clu.
220 954 266 984 vel
291 955 383 984 Clust.
402 954 571 985 Clustumi-
599 955 670 989 Qui.
694 954 742 984 vel
772 955 859 990 Qair.
890 952 1032 991 Quirina.

179 1006 230 1035 na,
248 1007 271 1026 s.
291 997 505 1028 Crustumina.
518 998 571 1029 Ci-
639 997 754 1028 Cicero.

180 1049 256 1069 cero.
600 1039 682 1070 Rom.
700 1038 845 1070 Romilia.
860 1038 974 1070 Cicero.

138 1081 197 1112 Cot.
215 1082 344 1112 Collina.
597 1084 663 1113 Sab.
681 1082 834 1114 Sabatina.

137 1124 204 1154 Cor.
222 1124 375 1157 Cornelia.
597 1128 662 1157 Sea.
678 1126 726 1156 vel
747 1126 834 1163 Scap.
854 1123 903 1155 vel
925 1125 1029 1165 Scapt.

136 1166 203 1207 Esq.
216 1168 265 1197 vel
281 1167 353 1208 Eaeq.
368 1168 540 1210 Esquilina.
640 1168 774 1209 Scaptia.
789 1168 903 1198 Cicero.

137 1209 212 1241 Fal).
229 1210 335 1241 Fabia.
599 1213 665 1242 Ser.
681 1212 727 1242 vel
744 1212 829 1250 Serg.
846 1209 964 1251 Sergia.

138 1253 210 1284 Fal.
228 1253 377 1284 Falerina.
600 1255 674 1285 scel.
690 1254 859 1285 Stellatina.

141 1295 208 1326 Gal.
225 1295 356 1326 Galeria.
601 1299 673 1328 Sub.
707 1298 878 1328 Suburana.
911 1294 1028 1337 Cicero,

139 1337 218 1370 Hor.
233 1339 281 1369 vel
304 1338 411 1370 Horat.
433 1339 572 1372 Horatia.
642 1340 696 1382 qui
711 1350 778 1370 eam
793 1339 925 1380 primam
940 1339 1021 1370 facit.

138 1382 225 1412 Lem.
243 1382 401 1413 Lemonia.
425 1383 540 1414 Cicero.
603 1382 667 1413 Ter.
684 1383 860 1413 Terentina.
878 1382 996 1413 Cicero.

142 1423 232 1454 Moec.
248 1424 369 1455 Maecia.
386 1425 500 1456 Cicero.
608 1426 672 1457 Tro.
680 1426 728 1457 vel
740 1425 870 1456 Tromen.
881 1425 1033 1457 Tromen-

140 1467 230 1498 Men.
245 1467 400 1498 Menenia.
417 1469 530 1500 Cicero.
643 1469 716 1500 tina.

143 1509 215 1549 Ouf.
232 1509 410 1542 Oufentina.
604 1513 701 1543 Veien.
717 1510 889 1542 Veientina.
910 1511 1026 1543 Cicero.

143 1552 209 1582 Pal.
232 1552 279 1583 vel
304 1553 400 1585 Pazac.
424 1554 575 1586 Palatina.
606 1555 666 1586 Vel.
675 1554 795 1586 Velina
811 1553 926 1585 Cicero.

183 1594 298 1626 cicero.
604 1599 666 1630 Vct.
683 1596 819 1629 Veturia.

143 1637 220 1677 Pap.
236 1638 283 1669 vel
300 1638 402 1678 Papir.
418 1640 551 1681 Papiria.
604 1641 664 1672 Vol.
683 1641 732 1671 vel
757 1638 830 1670 Volt.
850 1639 898 1670 vel
922 1638 1032 1683 Vallia..

142 1681 213 1711 Pub.
230 1681 370 1713 Poblilia.
385 1682 573 1726 Pop.Popli-
643 1682 791 1715 Voltinia.
815 1681 929 1714 Cicero.
