1122 1868
88 53 150 83 262
302 53 452 85 INDEX
475 54 759 86 HISTORICUS.

89 137 328 171 decemviralem.
351 140 425 172 Div.
442 141 471 180 Ι,
490 141 539 172 10.
555 141 752 172 Summanus.
776 139 817 170 V.
832 138 864 169 in
879 140 971 169 Sum-

89 192 211 211 manus.

131 226 293 263 Juventas,
316 227 405 257 Brut.
431 226 483 256 18:
504 226 582 257 Dea.
606 228 672 257 Att.
688 227 718 264 I,
737 227 786 256 18.
803 226 867 265 ejus
889 234 973 255 sacra

91 267 302 298 anniversaria.

132 311 294 348 Juventz'a,
318 311 422 343 Planc-
443 314 474 342 7.
497 311 614 342 familia
633 311 797 343 consularis
818 321 856 341 ex
871 309 974 341 muni-

89 352 167 393 cipio
184 353 370 384 Tusculano.

134 397 311 434 Juventz'us,
335 397 439 427 Plane.
465 398 517 427 24.
546 397 664 438 primus
698 397 736 428 de
761 397 850 438 plebe
878 395 974 427 aedilis

90 438 204 468 eurulis
215 439 311 469 factus
326 446 379 470 est.

133 482 181 511 M.
197 483 358 514 Juventius
375 484 469 522 Pedo,
492 482 616 515 Cluent.
638 484 690 514 38.
706 489 824 514 senator
840 481 972 522 justissi-

92 532 170 553 mus.

139 568 175 596 Τ.
191 568 364 605 chventz‘us,
381 568 436 598 ΒΥ.
451 570 502 598 48.
517 569 617 599 lentus
631 569 663 598 in
678 568 815 607 dicendo,
827 567 879 598 sed
891 567 974 598 calli-

91 607 160 647 dus,
177 616 206 640 et
220 611 332 651 magna
343 611 421 651 juris
435 611 530 642 civilis
545 611 680 642 scientia.

512 712 556 744 K.

138 797 245 837 Kana,
262 802 292 828 et
308 797 429 830 Kanus.
451 797 492 830 V.
510 800 610 838 Cana,
626 804 656 830 et
672 800 788 830 Canus.

517 894 558 927 1..

136 988 250 1027 Labeo,
273 989 312 1020 ad
334 989 376 1028 Q.
400 990 452 1021 Fr.
474 990 503 1029 I,
529 994 555 1022 1.
579 994 629 1022 14.
650 990 688 1022 de
709 990 828 1022 cohorte
843 991 978 1032 praetoris

90 1031 132 1070 Q.
149 1032 300 1063 Ciceronis
314 1032 346 1062 in
361 1032 446 1063 Asia.

137 1076 176 1105 L.
194 1076 305 1112 Labeo,
323 1075 459 1106 Herenn.
477 1075 537 1113 IV,
555 1079 606 1109 27.

137 1118 177 1148 D.
195 1119 358 1156 Laberius,
373 1119 413 1149 ad
428 1119 502 1150 Div.
522 1119 601 1158 VII,
618 1120 666 1150 ll.
678 1118 764 1157 XII,
785 1122 833 1150 18.
850 1119 976 1158 mimus,

93 1161 182 1201 poeta
197 1161 294 1191 clarus
317 1166 346 1191 et
371 1162 509 1192 mordax.
529 1163 634 1204 Eques
658 1163 749 1193 Rom.
774 1173 792 1192 a
807 1163 843 1193 C.
861 1161 980 1194 Caesare

90 1205 195 1243 jussus
220 1204 253 1233 in
282 1204 435 1234 theatrum
459 1204 600 1245 prodire:
635 1205 673 1236 de
696 1216 757 1246 quo
783 1216 811 1235 v.
840 1206 978 1235 Macrob.

93 1248 216 1276 Saturn.
231 1245 278 1284 II,
294 1248 324 1282 7.
340 1247 394 1277 ubi
413 1247 620 1287 fragmentum
643 1249 708 1288 ejus
731 1248 857 1289 insigne.
881 1248 979 1289 Apud

94 1288 237 1319 eumdem
252 1289 368 1329 aliquot
382 1291 446 1329 ejus
462 1290 594 1321 dicteria.

137 1333 190 1361 JVI.
207 1333 367 1369 Laberius,
383 1332 422 1362 ad
438 1332 511 1363 Div.
527 1333 626 1371 XIII,
644 1335 675 1363 8.

142 1375 179 1404 T.
204 1376 311 1405 Attius
335 1376 506 1413 Labienus,
539 1376 645 1406 Rabir.
669 1375 758 1407 Perd.
785 1377 816 1406 2.
838 1376 907 1406 trib.
936 1376 981 1416 pl.

98 1413 243 1447 Cicerone
268 1418 400 1454 consule,
425 1417 462 1449 C.
486 1419 613 1449 Rabirio
636 1419 850 1460 perduellionis
868 1418 980 1449 crimen

95 1458 235 1495 intendit,
260 1460 343 1500 quod
366 1461 566 1491 Saturninum
588 1461 790 1492 interfecisset.
811 1462 879 1492 Att.
901 1460 979 1499 VII,

99 1501 149 1530 ll.
164 1501 203 1531 ad
219 1502 290 1533 Div.
305 1503 401 1541 XVI,
418 1507 464 1534 12.
480 1504 606 1534 discedit
620 1515 639 1534 a
653 1504 781 1541 Caesaoe,
799 1505 885 1542 cujus
899 1503 981 1543 lega-

96 1548 145 1573 tus
160 1543 268 1583 fuerat,
285 1551 314 1575 et
332 1545 370 1575 ad
391 1547 592 1587 Pompeianos
614 1547 730 1577 transit.
746 1547 786 1577 V.
799 1546 889 1587 impr.
905 1546 982 1576 Dio-

96 1585 160 1616 dor.
187 1587 248 1617 Sic.
274 1587 366 1624 XLI,
392 1598 423 1629 p.
453 1592 520 1620 154.
546 1590 615 1620 Att.
642 1589 742 1627 VIII,
768 1594 798 1619 2.
825 1595 982 1629 propterea

97 1638 207 1668 parum
222 1629 375 1670 dignitatis
399 1632 500 1662 habet.
525 1631 597 1663 Div.
616 1631 643 1670 I,
665 1633 715 1662 32.
732 1641 748 1661 e
763 1631 869 1672 pugn&
884 1631 982 1661 Phar-

99 1671 189 1701 salica
213 1671 300 1712 fugit.
324 1673 390 1703 Att.
415 1673 495 1711 VII,
523 1674 553 1710 7.
571 1674 664 1711 dives,
686 1674 739 1714 qui
761 1675 851 1704 etiam
872 1675 979 1704 urbem

99 1713 241 1744 condidit.
264 1715 313 1745 De
337 1716 402 1753 ejus
427 1717 522 1755 exitu,
548 1728 577 1748 v.
602 1717 711 1748 Vellei.
740 1717 787 1754 ΙΙ,
806 1717 857 1752 78.
882 1716 978 1747 Dion.

100 1755 264 1795 XLVIII,
277 1768 307 1798 p.
323 1758 395 1788 381.
