1122 1868
143 73 206 104 254
352 72 501 104 INDEX
524 72 812 105 HISTORICUS.

143 157 235 188 band.
256 158 358 196 frater,
381 164 479 190 orator
493 158 557 189 tota
576 158 651 189 Asia
666 159 888 190 celeberrimus.
910 160 1031 191 Floruit

144 201 332 241 temporibus
347 202 384 232 L.
398 202 497 243 Crassi
507 202 644 233 Oratoris
659 207 689 231 et
705 202 753 232 M.
767 203 920 233 Ciceronis
934 204 1031 245 pueri.

145 244 235 275 Brut.
252 246 302 275 95.
319 250 444 286 argutus
459 250 489 274 et
505 244 711 275 sententiosus.
736 245 784 275 Cf.
801 245 857 275 Or.
873 246 925 276 69.

188 288 399 328 Hieronymus,
422 287 572 317 Rhodius.
597 287 652 317 Or.
678 288 729 322 57.
747 288 972 328 Peripateticus,
998 289 1031 319 in

144 329 284 360 Isocratis
298 331 382 361 libris
396 330 509 360 multos
525 340 626 360 versus
641 331 767 361 invenit.
791 331 885 361 Acad.
903 331 964 370 IV,
978 333 1029 361 42.

145 372 326 403 vacuitatem
349 373 458 403 doloris
481 382 639 403 summum
663 374 779 403 bonum
801 384 863 404 esse
878 373 959 404 dicit.
983 374 1031 405 Cf.

146 415 216 445 Fin.
231 414 265 444 II
294 417 324 446 3.
340 422 370 446 et
385 417 415 446 6.

187 438 326 496 Hilaius,
349 459 414 489 Att.
439 456 520 495 XII,
546 458 596 492 37.
621 457 720 495 XIII,
747 460 796 489 19.
818 464 861 489 est
882 469 984 490 servus
999 465 1029 490 et

143 499 296 537 librarius,
329 501 438 531 deinde
463 501 601 537 libertus,
633 500 795 532 Ciceronis.
825 502 894 531 Att.
919 502 948 539 Ι,
983 503 1032 532 12.

143 542 223 583 fugit
237 544 276 573 ad
293 543 330 575 C.
345 543 520 574 Antonium
535 543 567 572 in
584 543 808 574 Macedoniam.
836 544 926 574 Alius
943 544 1034 575 Hila-

146 595 198 615 rus
213 592 257 616 est
271 587 310 616 ad
325 587 399 617 Div.
416 585 516 624 XIII,
537 586 588 615 32.
614 585 738 615 libertus
754 586 811 616 Cn.
829 586 950 617 Otacilii
966 588 1033 617 Na-

146 628 225 658 sonis
240 640 248 657 :
273 635 302 659 et
316 630 385 659 Att.
402 629 498 667 XVI,
516 629 545 657 4.
559 628 687 658 libertus
703 627 840 659 Libonis.

190 672 392 710 Hipparchus,
415 671 480 701 Att.
509 669 556 704 II,
585 671 614 700 6.
639 671 756 711 scripsit
778 678 881 702 contra
901 672 1035 712 Geogra-

145 712 235 753 phica
250 713 468 744 Eratosthenis.
493 713 524 743 N
528 713 629 743 icenus
645 713 715 750 fuit,
732 714 892 755 astrologia
907 715 1034 753 celeber,

144 755 223 785 circa
238 756 366 796 Olymp.
383 756 483 786 CLX.
507 755 585 794 Ejus
600 756 713 785 librum
739 763 842 787 contra
858 757 1035 788 Eratosthe-

145 807 217 827 nem
243 805 459 829 commemorat
482 799 602 833 Strabo,
625 798 678 828 lib.
702 797 728 836 I,
744 809 775 839 p.
798 801 846 830 14.
868 800 923 830 lib.
937 800 986 838 II,
1002 811 1033 841 p.

149 840 221 870 133.
239 851 309 871 eum
325 841 519 871 Eratostheni
534 841 715 881 iniquiorem
731 848 828 882 putat.
851 842 921 873 Lib.
938 842 985 881 II,
1002 854 1033 884 p.

150 885 223 920 149,
240 890 343 914 autem
357 884 465 914 diserte
480 883 563 919 dicit,
580 894 651 913 eum
671 894 732 914 non
748 890 810 915 tam
828 885 1036 926 Geographica

145 926 309 998 {eripis-isse,
337 936 431 968 quam
454 926 665 957 Eratosthenis
695 926 906 969 Geographica
933 939 1034 970 repre-

172 978 207 998 en
231 979 296 999 1sse.

191 1012 327 1050 Hippias,
358 1011 463 1042 Eleus.
487 1010 542 1043 Or.
571 1010 636 1048 III,
665 1013 717 1043 32.
750 1012 882 1053 sophista
920 1014 1036 1045 celeber

146 1054 276 1084 Socratis
305 1055 501 1095 temporibus.
526 1054 599 1084 vid.
626 1055 746 1085 Platon.
774 1056 934 1097 Hippiam.
959 1057 1036 1087 Glo-

147 1097 242 1127 riatus
269 1103 322 1136 est,
349 1098 393 1127 nil
417 1107 480 1128 esse
502 1097 534 1127 in
553 1096 619 1126 uua
639 1103 701 1127 arte
722 1107 793 1128 cum
815 1099 944 1137 liberali,
967 1105 1035 1130 tum

147 1138 298 1177 illiberali,
312 1140 393 1181 quod
408 1140 472 1181 ipse
483 1139 618 1170 nesciret.
641 1140 730 1170 Conf.
746 1141 833 1171 Brut.
850 1143 879 1171 8.
895 1143 947 1173 85.

193 1183 331 1221 Hippias,
355 1183 503 1213 Pisistrati
518 1182 607 1212 filius.
631 1182 699 1213 Att.
720 1183 781 1221 IX,
800 1188 847 1215 19.
865 1195 951 1215 arma
964 1194 1037 1216 con-

147 1229 195 1255 tra
209 1226 340 1265 patriam
354 1225 410 1256 fert
422 1238 429 1256 :
454 1226 485 1255 in
501 1226 606 1265 pugna
622 1224 819 1256 Marathonia
831 1227 920 1257 cadit.

190 1269 332 1307 Hippias,
349 1268 514 1299 Philoxeni
529 1268 620 1299 filius.
642 1267 681 1298 ad
697 1268 770 1300 Div.
786 1268 888 1308 XIII,
904 1271 956 1306 37.
973 1270 1033 1301 Ca-

146 1310 286 1342 lactinus.

189 1353 325 1393 Hippias,
348 1354 430 1385 Phil.
447 1353 494 1392 11,
511 1355 566 1386 25.
588 1353 712 1385 mimus.
737 1354 894 1386 Plutarch.
911 1355 944 1386 in
967 1355 1037 1386 An-

147 1396 241 1426 tonio.

195 1439 232 1474 Q.
247 1440 389 1479 Hippius,
413 1440 452 1470 ad
475 1439 548 1471 Div.
567 1438 666 1476 XIII,
687 1439 738 1475 76.
760 1440 840 1471 Vide
858 1441 894 1472 C.
919 1441 1038 1482 Valgius

149 1480 332 1520 Hippianus.

191 1525 397 1565 Hippocrates,
421 1525 513 1557 Cous.
537 1525 593 1557 Or.
612 1524 677 1564 111,
695 1529 746 1558 33.
761 1525 820 1557 Est
834 1525 969 1557 medicus
984 1526 1035 1556 ille

144 1567 365 1598 celeberrimus.

191 1610 406 1648 Hippodamia,
430 1611 528 1641 Tusc.
545 1611 610 1649 III,
631 1614 679 1642 12.

187 1653 379 1692 Hippolytus,
402 1654 513 1684 Thesei
532 1655 622 1684 filius.
646 1654 760 1685 Heren.
783 1653 843 1690 IV,
860 1654 912 1684 34.
935 1652 1030 1684 Tusc.

144 1693 206 1732 IV,
227 1698 274 1725 ll.
286 1695 391 1725 odium
402 1697 509 1734 ejusin
524 1697 675 1729 mulieres.
698 1697 762 1729 Off.
779 1696 806 1737 I,
826 1700 875 1727 10.
892 1698 931 1728 ab
947 1696 1032 1737 equis

141 1737 282 1779 Neptuni
296 1737 463 1779 discerptus
475 1745 528 1770 est.
