1137 1848
331 79 481 111 INDEX
504 78 678 110 LEGUM.
905 76 946 105 33

62 165 87 195 is
101 166 255 206 neglectus
268 165 344 206 legis
359 176 429 196 eum
446 166 574 195 movisse
589 164 718 200 videtur,
735 168 770 193 ut
784 167 888 203 postea
902 171 948 190 se-

62 218 130 238 vere
145 219 211 238 eam
227 213 384 238 exerceret.
408 208 480 238 vid.
504 209 627 239 Sueton,
645 218 670 238 c.
695 207 749 244 43,
766 213 795 236 et
809 205 852 235 ibi
868 204 948 234 Tor-

63 257 140 280 rent.

104 292 190 323 ,Iulia
211 293 246 323 de
262 294 447 334 legationi'm
463 294 566 323 liberis.
597 292 706 323 Libera?
731 291 886 330 legationes
901 289 948 319 di-

62 342 184 373 cuntur,
211 346 281 366 cum
311 337 507 373 senatoribus,
531 336 656 376 privatae
678 335 720 365 rei
743 334 843 371 causa,
869 339 948 363 tam-

63 389 156 419 quam
172 379 233 409 voti
253 379 397 415 solvendi,
414 379 595 408 haereditatis
610 385 663 408 aut
684 377 865 418 syngraphae
880 386 948 416 per-

65 421 235 461 sequendae,
252 427 336 451 extra
352 422 474 451 Italiam
494 421 686 458 abeuntibus,
705 421 756 459 jus
778 428 950 458 nomenque

65 464 157 503 legati
172 474 240 504 pop.
258 465 350 494 Rom.
365 465 446 495 suto
461 464 560 501 datur,
577 470 612 494 ut
627 474 661 493 eo
676 462 786 501 majori
802 472 870 491 cum
884 461 953 501 dig-

65 506 171 544 nitate,
197 507 364 543 securitate,
388 508 446 537 διε.
465 507 579 547 ubique
599 506 711 536 versari
735 505 859 545 possint.
886 503 954 533 Ha-

65 558 135 578 rum
161 555 281 589 tempus
307 549 380 579 olim
404 549 559 579 infinitum
587 549 655 579 fuit.
689 547 846 588 Namque,
873 546 952 576 hanc

65 591 162 631 ipsam
175 593 212 621 ob
228 601 361 629 eausam,
374 592 475 623 liberae
490 592 549 622 dici
564 592 714 626 videntur,
730 590 811 631 quod
827 589 908 619 exire
923 595 953 618 et

65 634 161 664 redire
186 634 298 671 liceret,
325 645 394 665 cum
417 636 557 675 placeret.
591 634 663 671 Sed,
688 633 833 674 quoniam
860 632 953 661 multi

67 676 156 706 nimis
172 678 373 707 abutebantur
387 677 545 718 legationis
566 678 689 707 nomine
704 687 738 706 ac
751 677 830 715 jure,
848 674 953 704 Cicero

66 719 171 749 consul
194 720 296 750 retulit
317 720 356 750 ad
377 727 514 751 senatum
537 720 574 750 de
597 719 737 750 tollendis
754 717 955 759 legationibus

67 762 168 791 liberis
195 763 475 794 senatus-consulto.
508 763 546 792 In
573 773 634 804 quo
661 773 732 793 cum
758 762 785 792 ei
815 760 955 790 tribunus

67 804 163 844 plebis
189 805 314 845 quidam
339 806 562 842 intercessisset,
587 805 684 836 effecit
706 811 819 841 tamen,
845 808 880 832 ut
902 812 957 832 an-

68 856 166 876 nuum
187 853 307 888 tempus
325 855 410 885 esset,
433 849 515 889 quod
533 854 620 878 antea
641 847 796 877 infinitum
811 851 884 876 erat.
908 845 958 875 De

70 889 178 931 Legib.
197 890 264 928 ΙΙΙ,
281 892 310 921 8.
333 891 439 921 Julius
463 891 564 922 Caesar
587 896 690 932 postea
705 890 742 920 de
761 890 809 919 his
829 888 956 928 legatio-

70 932 160 962 nibus
183 933 264 971 tulit,
290 938 323 963 ut
346 935 573 974 quinquennium
592 940 705 963 tantum
730 934 880 962 durarent.
904 930 958 960 Ad

72 974 139 1004 Att.
170 975 246 1013 XV,
280 979 328 1005 11.
352 977 516 1014 Caeterum,
547 976 585 1006 de
614 975 814 1016 legationibus
843 973 956 1011 liberis,

71 1018 156 1047 nulla
179 1019 335 1049 necessitas
358 1019 435 1049 mihi
459 1019 577 1049 videtur
596 1029 658 1049 esse
684 1017 845 1054 statuendi,
868 1027 959 1057 pecu-

70 1059 137 1089 liari
160 1060 226 1100 lege
247 1061 395 1092 sancitum
415 1072 487 1092 esse.
511 1062 595 1091 Nam
618 1061 717 1102 potuit
738 1060 813 1101 legis
828 1060 866 1089 de
889 1069 959 1099 pro-

72 1102 176 1132 vinciis
191 1110 281 1144 caput
297 1115 359 1134 esse
375 1104 412 1135 de
426 1104 628 1145 legationibus
643 1103 756 1141 liberis,
773 1102 856 1144 quod
871 1113 912 1132 eae
928 1102 959 1132 in

72 1145 178 1185 primis
193 1146 231 1176 ad
246 1147 478 1187 provincialium
493 1147 638 1186 injuriam
653 1146 852 1187 pertinebant.

114 1187 208 1226 dulia,
225 1190 260 1218 de
273 1191 436 1228 publicanis
450 1192 535 1220 territt
553 1194 635 1228 purte
649 1190 780 1228 pecuniae
798 1189 900 1219 debita’
916 1198 961 1217 re-

74 1231 210 1267 levandis,
227 1232 288 1262 lata
312 1241 355 1262 est
370 1233 402 1262 in
422 1233 520 1273 primo
541 1233 711 1269 consulatu,
728 1242 822 1273 quam
842 1232 961 1271 primus

74 1273 160 1303 scivit
186 1274 338 1305 Plancius.
362 1275 425 1306 Cic.
455 1285 509 1316 pro
534 1275 671 1312 Plancio,
698 1285 723 1305 c.
747 1275 794 1304 14.
819 1274 868 1304 Ea
894 1275 961 1314 lege

74 1315 131 1345 sibi
147 1323 313 1356 equestrem
328 1317 465 1348 ordinem
478 1318 581 1348 Caesar
596 1317 736 1356 adjunxit
750 1328 760 1352 ;
784 1327 854 1347 cum
870 1317 959 1353 Cato,

76 1364 189 1395 contra,
205 1360 372 1399 publicanis
392 1361 483 1391 nimis
498 1361 623 1391 acerbus
635 1360 717 1401 quod
733 1365 806 1398 erat,
823 1370 841 1389 a
856 1366 961 1390 senatu

77 1401 190 1441 equites
205 1403 395 1433 abalienaret.

119 1444 395 1483 Jafiaejudiciariae.
419 1445 501 1476 Phil.
517 1445 546 1484 Ι,
563 1447 591 1476 8.
616 1446 676 1476 His
691 1446 846 1486 abrogavit
860 1445 964 1476 Aure-

78 1485 152 1516 liam
167 1486 204 1517 d'e
216 1487 336 1526 judiciis
360 1498 431 1518 cum
446 1489 543 1519 tribus
561 1488 689 1518 civitatis
712 1488 866 1519 ordinibus
882 1498 964 1518 oom-

78 1529 279 1567 municandis,
306 1531 432 1561 sublatis
461 1542 477 1561 e
507 1541 633 1561 numero
665 1531 807 1570 judicum
836 1531 966 1561 tribunis

79 1571 183 1601 aerarii.
200 1573 323 1603 Sueton.
340 1583 364 1603 c.
377 1575 427 1603 41.
452 1573 585 1610 Deinde,
601 1573 637 1604 de
650 1574 802 1613 judicibus
816 1573 963 1614 legendiS,

83 1624 187 1644 eorum
200 1625 301 1652 censu,
319 1622 416 1653 aetate,
432 1616 532 1646 sanxit
547 1616 651 1646 eadem
666 1617 742 1656 lege.

123 1657 212 1687 Julia
229 1659 266 1687 de
280 1659 308 1688 υἱ
323 1665 351 1688 et
366 1659 535 1698 majestate.
565 1659 614 1689 Ea
633 1659 782 1689 sancitum
804 1664 859 1695 est,
879 1664 914 1688 ut
928 1658 967 1689 de

84 1698 113 1728 vi
128 1706 158 1729 et
172 1701 327 1739 majestate
347 1701 497 1732 damnatis
515 1702 596 1742 aqua
611 1707 640 1731 et
655 1701 719 1742 igni
734 1701 972 1731 interdiceretur.

80 1740 160 1772 Phil.
179 1743 207 1781 1,
223 1745 253 1773 8.
276 1743 324 1774 Ea
335 1754 396 1775 non
412 1751 455 1775 est
467 1744 679 1775 confundenda
693 1754 763 1776 cum
778 1743 865 1776 ιῙιιίίᾶ,
877 1744 971 1775 altera
