1137 1848
280 78 429 110 INDEX
453 78 739 112 HISTORICUS.
893 80 953 111 193

117 165 247 203 Coelius,
263 165 301 195 ad
317 164 391 196 Div.
412 164 474 200 IX,
491 168 520 194 4.
544 164 617 196 MS.
630 171 730 196 noster
748 167 855 203 Cottio,
873 171 907 196 ut
928 171 958 196 et

73 209 118 240 ed.
136 209 263 240 Mediol.
281 211 371 239 1498.
386 214 415 238 et
430 208 475 238 ed.
497 210 587 239 1471.
602 208 631 238 in
647 210 794 249 margine.

117 253 243 286 Codrus,
264 251 331 281 Fin.
354 251 396 288 V,
413 255 464 281 22.
486 251 577 281 Tusc.
599 250 628 288 I,
651 255 701 281 48.
732 252 806 282 Nat.
829 252 871 281 D.
890 250 955 289 III,

75 299 124 326 19.
139 300 292 326 conservat
306 300 402 325 morte
417 293 470 324 sua
485 295 633 324 Athenas.

116 339 238 374 Coelius,
255 337 320 367 Att.
334 337 411 371 Vll,
427 339 456 367 5.
480 337 564 372 ΧΠ,
581 338 610 367 3.
626 339 781 379 trapezita.

113 382 235 415 Coelz'us,
254 380 385 417 Samnis,
405 380 525 411 Cluent.
541 382 591 411 59.

113 426 145 456 C.
164 425 276 453 (mlius
291 424 415 453 Caldus.
435 422 471 453 C.
490 423 531 453 fil.
551 429 585 453 ut
600 429 683 464 patet
707 435 744 454 ex
760 423 953 464 inscriptione

67 467 193 507 antiun
208 477 256 507 ap.
271 466 422 496 lllurator.
454 465 530 496 Her.
550 467 598 499 ll,
624 471 673 497 13.
698 467 782 497 Mur.
799 468 828 496 8.
851 466 905 497 Or.
926 468 953 503 Ι,

68 513 119 541 25.
142 510 173 540 in
189 510 278 540 Verr.
299 508 359 545 VI,
387 511 436 544 70.
463 509 555 539 homo
580 519 675 539 novus
699 509 737 539 ad
761 510 952 539 consulatum

67 552 212 595 pervenit.
233 552 287 585 (A.
303 553 344 582 U.
361 551 449 591 659.)
468 551 516 583 Cf.
534 553 623 582 Petit.
640 553 732 583 Cous.
748 553 778 581 3.
795 559 823 582 et
835 553 876 582 ibi
894 553 954 582 Pa-

65 598 151 627 lerm.
168 596 272 625 Planc-
287 597 337 625 21.
354 595 385 625 in
401 602 562 635 quaesturae
578 595 721 636 petitione
736 596 888 635 repulsam
906 602 954 625 tu-

66 640 111 670 lit.
134 639 223 669 Brut.
245 641 295 668 44.
320 637 477 668 mediocris
498 644 605 668 orator.
635 638 731 668 Estne
749 638 809 675 hic,
831 638 896 678 qui,
919 645 953 668 ut

68 682 162 713 Sullae
176 681 366 721 tyrannidem
389 681 559 720 impediret,
578 682 693 711 bellum
714 681 744 710 in
764 681 853 711 Italia
873 680 953 711 exci-

68 725 167 755 tavit?
191 723 229 753 ad
244 734 335 763 quem
351 723 469 764 respicit
486 723 602 763 Cicero,
618 725 687 755 Att.
706 724 750 762 X,
772 728 818 755 1⁴2.
839 727 886 755 14.
909 727 955 755 15.

68 769 116 799 16.
136 767 189 797 ubi
204 776 231 796 v.
248 766 372 797 Corrad.

112 812 143 841 C.
162 810 282 845 Callias,
306 809 344 839 ad
360 809 432 839 Div.
450 808 548 844 VIII,
562 812 590 838 8.
608 809 676 840 trib.
689 810 730 850 pl.
743 810 791 839 M.
804 810 952 841 Marcello

66 860 96 884 et
112 852 245 894 Sulpicio
259 863 333 882 coss.
349 859 384 882 ut
399 863 435 882 ex
452 853 487 882 εἱι
505 852 631 893 epistola
653 853 840 893 intelligitur.
865 854 950 884 Eum

65 897 217 927 diversum
242 905 305 926 esse
328 906 345 925 a
366 895 402 925 (t.
422 896 528 930 Coelio,
551 901 699 936 quaestore
719 897 883 933 Ciceronis,
906 907 951 927 res

64 940 130 980 ipsa
144 939 247 969 docet:
271 948 342 968 nam
355 938 422 968 nib.
436 938 477 979 pl.
494 938 553 968 fuit
567 948 601 968 eo
613 939 677 979 ipso
693 948 783 976 anno,
801 949 862 979 quo
877 940 952 970 alter

64 983 115 1013 ille
130 981 283 1022 quaestura
298 981 419 1011 functus
435 987 487 1011 est.

113 1026 145 1055 C.
163 1025 274 1055 Coelius
291 1025 418 1059 Caldus,
442 1024 480 1054 L.
498 1025 533 1054 F.
550 1024 585 1054 C.
603 1025 645 1054 N.
669 1024 737 1054 Att.
754 1024 815 1062 VI,
827 1028 856 1055 5.
874 1027 904 1056 6.
918 1028 947 1056 2.

67 1068 106 1099 ad
120 1068 193 1098 Div.
209 1066 255 1104 ΙΙ,
275 1069 322 1097 15.
349 1067 490 1104 Quaestor
507 1068 669 1104 Ciceronis,
686 1068 724 1097 ab
740 1079 774 1098 eo
788 1069 951 1109 praeficitur

64 1111 236 1152 provinciae,
263 1120 332 1140 cum
353 1120 391 1140 ex
415 1110 450 1139 ez.
467 1110 630 1140 decederet.
654 1111 723 1140 Att.
747 1111 808 1148 Vl,
834 1113 863 1141 6.
886 1113 950 1151 ejus

63 1154 146 1185 vitia.
168 1153 222 1184 Ad
238 1163 308 1183 eum
324 1158 368 1183 est
383 1152 509 1193 epistola
524 1153 633 1183 ultima
647 1154 699 1184 lib.
715 1154 762 1191 II,
779 1154 817 1184 ad
834 1154 906 1184 Div.

107 1197 147 1226 L.
170 1197 283 1227 Coelius
305 1197 480 1234 Antipater,
497 1196 553 1226 Or.
580 1195 626 1231 II,
655 1197 703 1226 12.
728 1197 783 1227 Or.
809 1198 859 1227 69.
879 1198 947 1228 Att.

63 1239 162 1278 XIII,
180 1240 209 1269 8.
226 1238 298 1269 Div.
316 1239 344 1275 I,
361 1240 411 1268 24.
430 1239 597 1269 historicus.
622 1239 694 1269 Vid.
714 1239 745 1269 in
763 1241 940 1279 Antipater.

105 1284 145 1313 L.
166 1283 291 1319 Coelz'us,
315 1281 426 1311 Caecin.
442 1284 472 1313 9.
491 1282 573 1312 testis
588 1282 619 1312 in
637 1282 799 1313 Caecinam.

104 1326 153 1356 M.
179 1326 292 1355 Coelius
311 1326 362 1354 Ru
382 1336 429 1354 ας.
453 1325 514 1355 Hic
530 1332 574 1355 est
594 1325 645 1355 ifle
666 1325 789 1362 Coelius,
814 1336 869 1366 pro
887 1337 949 1367 quo

62 1374 106 1399 est
121 1367 224 1398 oratio.
247 1367 299 1398 Ex
314 1367 349 1398 ea
370 1367 465 1397 libido
479 1367 611 1397 hominis
626 1374 655 1398 et
674 1368 795 1398 lascivia
810 1376 946 1409 apparet,

62 1422 131 1452 quae
143 1410 233 1441 etiam
249 1421 286 1441 ex
302 1421 336 1441 eo
345 1410 535 1450 intelligitur,
549 1410 631 1451 quod
643 1411 707 1451 ipse
719 1418 946 1448 commemorat,

62 1454 120 1485 sibi
135 1453 215 1484 aedili
230 1453 293 1484 des.
315 1454 533 1483 accusationem
550 1463 587 1483 ex
607 1453 673 1492 lege
689 1453 821 1483 Scatinia
837 1455 946 1494 parari.

61 1496 139 1536 Ejus
166 1501 237 1526 sunt
262 1506 366 1526 omnes
386 1496 519 1537 epistolae
539 1495 609 1526 libri
629 1495 715 1525 VIII
739 1496 776 1526 ad
800 1496 873 1527 Div.
897 1497 947 1527 De

61 1540 127 1578 ejus
142 1538 215 1576 vita,
230 1539 378 1575 moribus,
400 1545 430 1569 et
449 1539 546 1575 factis,
568 1544 703 1569 accurate
721 1539 798 1569 dixit
814 1540 851 1569 P.
873 1539 946 1570 Ma-

58 1581 162 1612 nutius
177 1581 209 1610 in
223 1581 308 1621 praef.
329 1581 367 1611 ad
383 1582 556 1612 Comment.
572 1581 604 1610 in
628 1582 767 1622 epistolas
785 1582 946 1612 Coelianas.

61 1624 99 1654 In
123 1624 279 1654 tribunatu
302 1624 377 1654 favit
403 1624 528 1661 Miloni,
550 1629 579 1654 et
602 1623 753 1654 Ciceronis
778 1625 948 1655 auctoritati

62 1666 172 1708 paruit.
197 1666 268 1696 Mil.
285 1667 336 1696 33.
359 1668 429 1698 Att.
446 1665 525 1703 VII,
550 1667 576 1696 l.
603 1667 691 1697 Brut.
715 1668 764 1701 79.
790 1667 825 1697 C.
849 1669 947 1697 Anto-

62 1710 150 1739 nium
172 1709 210 1739 de
229 1710 386 1749 majestate
408 1709 568 1745 accusavit,
591 1715 620 1739 et
644 1710 682 1740 1..
706 1710 885 1740 Atratinum
906 1710 947 1740 'de

63 1752 191 1782 ambitu.
222 1751 298 1782 Coel.
327 1754 379 1783 31.
407 1752 487 1783 unde
513 1753 551 1783 ab
575 1752 640 1792 ejus
668 1752 711 1782 fil.
739 1753 778 1783 L.
804 1753 948 1783 Atratino

104 1795 252 1835 (Clariis.)
715 1805 729 1824 s
