1137 1848
292 54 440 86 INDEX
464 55 750 87 HISTORICUS.
901 57 964 88 325

81 141 186 172 culum
207 152 309 179 suum,
329 152 442 178 censor.
468 142 499 172 in
518 142 669 173 recitando
689 148 805 180 senatu,
826 144 968 184 praeterit.

83 184 173 214 Brut.
191 185 242 214 64.
259 195 314 225 pro
339 186 398 215 Cn.
417 185 555 226 Pompeii
579 186 665 215 bonis
686 186 757 215 dicit
773 196 872 216 senex.
896 187 966 216 Att.

83 226 182 264 VIII,
198 228 228 257 3.
245 228 276 256 in
295 227 403 258 Cinnae
418 228 623 258 dominatione
639 238 723 258 arma
739 239 843 269 capere
859 229 968 259 noluit.

82 269 195 300 Manil.
222 274 273 301 21.
300 270 337 301 de
362 271 419 301 Cn.
448 271 594 311 Pompeio
618 271 733 301 dictum
757 272 967 302 honorificum.

81 313 172 343 Brut.
189 314 240 348 47.
264 314 398 353 optimus
420 324 481 343 suae
507 313 602 343 aetatis
623 319 721 343 orator
736 320 803 354 post
821 315 857 344 L.
877 314 967 346 Cras-

80 366 148 386 sum
164 362 194 386 et
209 357 258 386 M.
279 356 463 386 Antonium.
488 357 543 386 Or.
561 355 607 392 ΙΙ,
628 358 678 386 (il.
701 356 790 387 Offic.
808 356 836 393 Ι,
854 362 905 387 30.
921 359 967 388 fa-

78 405 171 429 cetus.
193 399 265 429 ibid.
286 398 333 434 ΙΙ,
353 400 400 434 17.
418 400 531 429 solebat
545 399 677 439 gloriari,
695 410 725 429 se
741 400 803 429 sine
818 400 882 430 ullo
897 411 967 431 mu-

78 451 148 471 nere
163 442 307 482 adeptum
324 452 386 471 esse
401 442 514 477 omnia,
538 452 607 482 quae
622 442 808 481 amplissima
823 449 966 483 putaren-

78 490 138 514 tur.
161 484 210 514 De
234 495 269 514 eo
295 495 367 525 cape
392 486 467 524 Agr.
494 484 543 519 ΙΙ,
570 485 619 513 16.
644 495 734 524 quem
760 486 859 515 locum
886 487 966 516 male

78 527 278 558 Lauredanus
293 527 330 557 de
346 527 403 557 Cn.
422 527 547 557 Lentuli
562 527 677 566 collegii
692 527 963 567 interpretabatur:

78 570 115 600 de
131 570 187 601 Or.
204 571 252 607 ΙΙ,
270 573 321 601 54.
338 570 446 608 Quint.
464 573 516 598 22.
542 569 622 599 Vide
637 570 727 599 etiam
749 571 789 600 L.
808 572 962 602 Marcius.

121 614 161 644 L.
180 614 357 653 Philimms,
375 613 413 643 L.
429 613 465 642 F.
482 613 523 650 Q.
540 612 582 642 N.
598 612 677 642 Phil.
693 611 757 649 ΙΙΙ,
779 617 825 643 10.
842 614 964 645 vitricus

77 656 208 687 Octavii.
222 657 299 686 Har.
318 656 411 696 Resp.
428 658 458 685 6.
474 655 512 685 ad
523 655 595 686 Div.
613 654 641 693 Ι,
655 657 685 686 9.
703 657 807 686 consul
817 667 887 687 cum
904 658 962 688 Cn.

76 699 210 729 Lentulo
226 699 415 729 Marcellino.

120 744 161 773 L.
186 744 364 781 Philippus,
384 742 422 772 L.
442 742 478 771 F.
501 742 538 772 Ii.
564 742 607 772 N.
630 741 710 771 Phil.
733 743 800 777 ΙΙΙ,
829 744 876 773 lo.
894 755 964 784 pro-

75 785 205 816 vinciam
217 786 272 815 sibi
282 787 320 815 ab
331 785 467 815 Antonio
479 785 580 814 datam
591 785 746 815 recusavit.
765 786 846 815 Phil.
863 786 961 825 VIII,

75 830 107 859 9.
131 829 169 859 ad
185 828 256 858 Div.
287 827 367 863 XII.
388 829 417 857 4.
441 829 558 868 legatus
580 838 598 857 a
621 834 724 857 senatu
742 829 899 859 Mutinam
923 831 962 860 ad

74 871 124 901 M.
142 871 311 901 Antonium
328 871 472 910 flagitiose
493 871 572 900 facit.
590 871 627 900 ad
645 871 709 901 Att.
727 871 757 901 V
760 893 769 907 ,
798 875 845 901 12.
870 873 913 909 Χ,
931 875 960 904 4.

74 914 157 950 XII,
183 917 231 944 16.
254 916 299 944 18.
316 914 401 944 Male
422 914 583 943 Manutius
599 914 681 944 hunc
700 924 770 944 cum
791 921 876 955 patre
891 926 962 946 con-

74 957 188 994 fundit,
204 963 239 987 ut
253 958 291 987 ad
308 957 388 987 Phil.
406 956 471 994 ΙΙΙ,
491 957 537 987 10.

120 1001 154 1036 Ω
175 1001 349 1040 Philippus,
366 1000 456 1030 Balb.
479 1003 485 1028 1
501 1003 524 1030 1.
541 1000 627 1030 exsul
643 1000 784 1031 Nuceriae
801 1001 885 1031 vixit.
910 1001 961 1032 An

73 1044 110 1082 is,
128 1044 181 1084 qui
193 1044 238 1074 bis
253 1044 356 1073 consul
372 1043 442 1078 fuit,
467 1042 507 1072 A.
521 1044 596 1080 567.
613 1049 642 1072 et
658 1044 719 1072 584
735 1045 747 1073 ?

121 1087 157 1122 Q.
172 1088 343 1126 Philippus,
356 1085 393 1115 ad
408 1085 479 1116 Div.
493 1084 592 1123 XIII,
606 1086 656 1120 73.
669 1087 719 1120 74.
731 1088 890 1126 proconsul
906 1098 958 1118 vo-

72 1136 167 1160 catur.
185 1129 347 1160 Manutius
361 1129 514 1170 intelligit,
530 1128 636 1164 Asiae;
654 1129 736 1169 quod
751 1131 858 1170 probat
875 1131 961 1161 Grae-

72 1183 148 1203 vius.

118 1216 277 1251 Philistus,
305 1214 493 1256 Syracusius,
518 1214 590 1245 Div.
609 1213 636 1252 Ι,
658 1216 709 1244 20.
726 1216 777 1245 33.
801 1215 960 1247 historicus

73 1258 178 1289 doetus
193 1265 222 1289 et
234 1258 372 1298 diligens7
390 1258 513 1298 aequalis
529 1258 668 1298 Dionysii
685 1259 814 1298 tyranni.
839 1259 894 1289 Or.
912 1259 958 1297 ΙΙ,

76 1305 125 1332 13.
151 1305 200 1331 23.
223 1301 379 1331 familiaris
396 1301 555 1341 Dionysii:
581 1301 718 1330 imitatur
735 1301 959 1341 Thucydidem.

72 1345 162 1375 Brut.
188 1346 235 1375 17.
261 1353 321 1373 non
345 1344 436 1374 habet
451 1350 608 1374 amatores.
633 1344 687 1373 Br.
704 1344 754 1373 88.
778 1343 819 1381 Q.
842 1345 893 1375 Fr.
912 1345 958 1384 ΙΙ,

75 1389 124 1418 13.
142 1388 183 1417 V.
197 1387 322 1417 Diodor.
339 1386 397 1416 Sic.
414 1387 515 1421 XIII.
529 1398 559 1427 p.
570 1390 644 1416 222.

116 1432 218 1466 Philo,
234 1429 332 1460 Acad.
348 1429 411 1465 IV,
428 1430 458 1459 6.
471 1429 652 1459 Clitomachi
667 1428 795 1459 auditor.
819 1429 874 1460 Or.
893 1431 958 1471 ΙΙΙ,

71 1475 123 1504 28.
139 1474 171 1503 in
186 1472 356 1503 Academia
374 1471 510 1502 maxime
525 1472 619 1502 floret.
642 1472 731 1501 Brut.
756 1474 806 1503 89.
822 1473 960 1516 princeps

72 1516 247 1547 Academia?
262 1515 397 1552 Quartae.
422 1515 631 1545 Mithridatico
643 1515 733 1551 bello,
746 1525 816 1545 cum
828 1517 959 1556 optima-

72 1560 154 1590 tibus
170 1558 417 1594 Atheniensium,
441 1557 532 1588 domo
552 1557 642 1598 fugit,
665 1563 693 1587 et
709 1558 839 1588 Romam
864 1561 955 1591 venit.

72 1603 248 1633 Ciceronem
270 1601 438 1631 auditorem
462 1600 578 1630 habuit.
600 1600 638 1630 ad
664 1600 738 1630 Div.
761 1601 860 1638 ΧΙΙΙ,
889 1604 915 1633 1.
933 1605 960 1634 ei

72 1645 160 1676 valde
183 1645 337 1685 probatur.
360 1643 458 1674 Acad.
484 1644 545 1680 IV,
568 1646 595 1673 4.
616 1645 680 1682 ejus
702 1643 772 1674 libri
794 1644 863 1674 duo.
883 1647 911 1682 Ι,
929 1649 960 1677 4.

72 1694 176 1718 contra
188 1697 257 1718 eum
274 1686 375 1717 scribit
391 1686 569 1716 Antiochus.
588 1686 681 1716 Tusc.
700 1685 745 1724 ΙΙ,
759 1688 808 1717 10.
827 1689 962 1720 versibus

70 1731 136 1762 loco
151 1730 258 1760 utitur.
274 1729 347 1760 ibid.
364 1730 396 1760 3.
418 1729 478 1760 alio
493 1734 628 1771 tempore
649 1729 885 1771 philosophiam,
902 1733 961 1764 alio

113 1772 264 1816 (Cla-vis.)
687 1774 706 1803 2
723 1781 744 1803 F
