1122 1868
133 67 174 98 92
305 65 453 97 INDEX
477 64 843 98 GEOGRAPHICUS.

136 162 206 192 que,
224 151 262 181 L.
275 149 302 189 I,
315 162 340 182 c.
353 154 384 190 5,
401 152 533 189 referret,
544 152 704 182 nonnullos
721 153 861 192 Lepreon
872 152 911 183 ad
923 152 1017 185 Arca-

134 195 217 225 diam
232 193 351 232 referre,
368 205 437 225 cum
453 195 490 225 sit
506 195 613 225 Elidis.
637 194 755 225 Achaia
769 202 798 225 et
810 195 877 225 Elis
889 197 1019 228 confines

137 242 228 272 sunt;
252 237 354 278 itaque
369 238 455 268 facile
466 238 569 268 eadem
583 239 653 268 urbs
665 239 703 267 ab
719 237 785 268 aliis
801 237 839 268 ad
854 238 1016 277 Achaiam,

138 282 176 310 ab
191 280 257 310 aliis
272 280 310 310 ad
325 280 458 316 Elidem,
476 281 578 311 referri
593 280 710 321 potuit:
736 281 822 320 cujus
837 281 1019 313 confusionis

138 323 237 353 multa
252 323 391 363 exempla
403 329 530 353 exstant.

182 367 300 405 Leptis,
316 366 347 394 in
358 366 388 395 V
391 377 444 396 err.
457 366 518 403 VI,
530 368 581 396 59.
607 366 735 407 Duplex
746 366 852 406 Leptis
860 372 916 405 est,
928 367 1021 398 altera

137 420 267 448 magna,
283 419 375 448 prope
390 408 503 449 Syrtim
519 409 677 448 majorem,
693 410 786 439 altera
801 410 913 447 minor,
929 420 1023 451 prope

139 452 357 481 Adrumetum.
378 452 427 481 De
443 452 505 492 quit
518 452 539 481 1.
556 462 580 482 c.
597 462 694 482 sermo
709 452 758 490 sit,
775 453 945 491 conjectura
960 453 1021 483 col-

138 494 306 535 ligendum.
330 494 411 525 Civis
427 495 518 524 Rom.
535 494 643 525 dicitur
659 495 750 535 Lepti
764 495 933 535 negotiatus
948 505 1020 525 esse.

140 537 213 567 Fuit
227 547 297 577 ergo
313 547 347 567 ea
363 537 468 578 Leptis
483 538 514 567 in
530 537 684 578 provincie.
698 538 791 567 Rom.
805 538 901 578 Atqui
917 538 1023 578 Leptis

139 586 185 610 est
199 580 277 610 inter
297 579 503 610 Adrumetum
519 586 548 610 et
566 580 720 616 Tisdram,
742 580 796 620 qui
811 587 881 611 sunt
896 590 1024 611 conven-

139 629 189 653 tus
206 623 296 652 Rom.
313 633 361 664 ap.
376 623 514 653 Hirtium
527 623 564 653 de
575 623 654 652 bello
667 623 819 653 Africano.
845 622 977 664 Ideoque
992 623 1023 653 in

139 665 217 696 hanc
242 665 318 695 mihi
347 665 504 696 convenire
538 665 665 695 videtur.
702 665 893 696 Memor-atur
919 666 1024 696 eadem

140 708 246 748 Leptis
263 708 363 738 minor
382 719 429 749 ap.
447 708 528 737 Hirt.
550 708 571 738 l.
591 718 616 738 c.
633 709 651 743 7
666 719 675 743 3
700 713 729 738 et
743 708 837 738 libera
852 708 954 739 civitas
969 719 1023 749 ap-

140 751 280 792 pellatur.
304 751 363 781 Sed
378 751 409 780 in
425 751 460 781 εἲι
474 750 583 781 licebat
597 750 752 790 negotiari.

185 794 339 830 Lesbiaci,
356 793 448 824 Tusc.
466 793 529 830 Qu.
542 793 569 829 I,
586 794 640 831 31,
656 794 761 824 incolae
776 793 883 824 insulae
897 793 1000 824 Lesbi.

185 837 304 874 Letim',
327 836 358 866 in
380 837 468 867 Verr.
491 835 551 873 IV,
573 837 624 866 43.
648 836 738 866 Nulli
758 842 840 874 sunt,
857 836 939 877 quod
954 846 1024 867 con-

144 886 212 917 stet,
229 880 260 909 in
277 878 378 910 Sicilia
394 880 509 909 Letz'm'.
532 879 640 919 Itaque
660 879 740 909 docti
757 880 908 918 conjecere
923 880 1026 919 legen-

144 923 219 953 dum
235 923 343 952 Ietz'nz‘.
372 921 460 953 Conf.
479 922 632 952 Harduin.
647 922 686 952 ad
702 921 782 952 Plin.
806 923 872 960 ΙΙΙ,
895 923 925 952 8.
948 922 1025 962 Legi

143 965 233 996 etiam
260 971 360 1006 posset
385 966 513 1004 Netini,
536 965 590 1006 qui
610 965 667 1006 ipsi
688 964 824 995 Ciceroni
838 965 870 995 in
889 965 1026 996 Verrinis

142 1014 359 1039 memorantur.

185 1052 360 1089 Leucadia,
377 1050 470 1081 Tusc.
486 1050 550 1088 Qu.
567 1049 628 1088 IV,
639 1051 692 1089 34,
708 1049 875 1091 paeninsula
890 1050 1024 1081 Acarna-

147 1104 214 1124 mae.

189 1138 320 1173 Leucas,
345 1136 437 1166 Tusc.
463 1135 526 1174 Qu.
549 1135 608 1173 IV,
633 1135 683 1172 18,
703 1136 942 1175 promontorium
962 1147 1025 1177 pae-

144 1180 273 1210 ninsulae
287 1179 467 1215 Leucadiae3
491 1178 543 1209 sed
559 1189 587 1209 v.
604 1179 754 1209 Leucata.

187 1223 324 1261 Leucas,
341 1222 379 1252 ad
394 1221 467 1252 Div.
486 1220 580 1258 XVI,
605 1225 633 1260 1,
649 1221 797 1263 oppidum
815 1221 949 1261 eJusdem
964 1233 1026 1263 pae.

145 1266 282 1296 ninsulae.

188 1309 343 1345 Leucata,
359 1308 397 1338 ad
408 1308 476 1338 Att.
493 1307 536 1345 V,
549 1309 580 1345 9,
594 1307 707 1338 celebre
719 1307 879 1338 Leucadiae
887 1317 1028 1348 promon-

146 1351 269 1388 torium,
293 1351 375 1381 unde
396 1350 550 1381 amoribus
569 1350 674 1380 irretiti
694 1360 724 1380 se
747 1350 932 1391 praecipitare
954 1351 1030 1381 sole-

146 1395 221 1423 bant
241 1394 273 1423 'm
297 1404 390 1430 mare,
413 1399 447 1423 ut
470 1403 572 1423 amore
591 1393 797 1423 liberarentur.
821 1393 910 1424 Conf.
935 1393 1027 1423 Tusc.

148 1435 209 1474 IV,
240 1437 290 1474 18,
317 1442 346 1466 et
372 1436 414 1466 ibi
438 1435 610 1473 Davisium,
635 1436 688 1475 qui
717 1436 856 1474 ostendit,
881 1445 941 1466 non
967 1446 1029 1466 esse

147 1479 311 1519 legendum
328 1479 484 1516 Leucade,
500 1478 552 1509 sed
567 1478 720 1509 Leucata.

191 1522 384 1561 Leucopetra
402 1523 655 1559 Tarentinorum,
666 1522 705 1552 ad
717 1521 783 1551 Att.
795 1521 890 1559 XVI,
904 1522 935 1559 6,
945 1520 1031 1561 igno-

149 1570 180 1594 ta
200 1571 244 1595 est
267 1565 455 1605 geographis.
479 1566 670 1604 Leucopetra
691 1570 793 1594 autem
818 1565 1031 1603 Rlzeginorum

151 1606 331 1637 eCiceronis
347 1607 427 1637 Phil.
446 1607 473 1645 Ι,
491 1611 521 1643 3,
539 1614 567 1638 et
583 1608 648 1637 Att.
665 1607 761 1645 XVI,
782 1607 813 1644 7,
835 1614 926 1643 nota;
949 1607 1030 1637 unde

152 1648 324 1685 Cluverius,
340 1649 371 1679 in
388 1648 457 1680 Ital.
484 1651 552 1681 Vet.
576 1661 631 1691 pro
653 1651 893 1680 Tarentinorum
913 1650 1030 1689 legebat

154 1693 379 1732 Rheginorum.
402 1693 466 1723 Alii
481 1693 567 1723 aliter
581 1693 662 1724 hunc
677 1693 778 1723 locum
796 1692 960 1723 tentarunt.

193 1737 344 1774 Leuctra,
362 1736 454 1767 Tusc.
471 1735 534 1773 Qu.
558 1734 586 1773 Ι,
608 1736 659 1765 46.
676 1735 823 1776 oppidum
839 1735 975 1771 Boeotiae,
991 1735 1029 1764 ad
