1137 1848
335 83 483 115 INDEX
508 83 793 115 HISTORICUS.
944 84 1004 114 331

121 169 154 199 in
180 168 320 209 vulgatis,
347 170 480 210 epistolae
506 170 575 200 libri
600 169 632 199 X
654 169 885 200 inscriberentur
919 170 941 187 ‘⁶
954 168 1015 200 Cn.

124 212 269 242 Planco-'⁹
293 212 408 243 Consul
432 212 540 243 deinde
564 212 623 242 fuit
648 223 717 242 cun]
740 212 788 242 M.
816 212 944 252 Lepido,
967 213 1011 242 A.

122 256 195 290 711.
219 254 270 285 De
284 256 348 295 ejus
364 257 453 286 rebus
469 256 532 296 agit
547 255 759 296 Sehoepflinus,
782 255 882 285 Alsat.
896 255 1006 285 illustr.

122 298 171 334 II,
194 302 217 328 1.
235 301 286 328 54.

167 341 203 370 L.
222 341 363 379 Plancus,
380 341 460 372 Phil.
477 341 540 378 XI,
557 342 587 371 6.
610 341 680 372 Υἱᾶ.
703 342 739 370 Τ.
757 342 896 371 Ριάηςιις.

169 386 206 414 Τ.
226 385 357 414 Plancus
372 386 482 422 Bursa,
507 385 544 414 L.
556 385 591 414 F.
609 384 666 414 Cn.
683 390 711 413 et
729 384 765 414 L.
784 384 889 414 Planci
905 383 1008 421 frater,

122 427 205 457 Phil.
223 426 322 463 XIII,
340 428 387 457 12.
401 428 514 457 curiam
530 427 663 457 incendit
674 432 741 467 post
756 426 868 456 caedem
885 427 921 456 P.
939 427 1010 457 Clo-

123 470 177 507 dii,
194 481 263 500 cum
280 470 418 500 tribunus
434 471 475 510 pl.
495 470 558 510 ipse
573 479 658 506 esset,
675 470 717 499 A.
730 471 801 499 701.
816 472 858 503 (v.
874 470 1008 510 Argum.

125 513 249 543 Asconii
266 513 295 542 in
313 512 541 551 Milonianam.)
560 513 641 542 Phil.
658 511 721 549 XI,
742 513 771 542 6.
788 522 858 542 cum
875 513 1010 543 Antonio

125 556 206 586 facit.
236 556 387 586 Pollentia}
417 556 578 596 expellitur
605 557 642 585 ab
673 554 801 595 Aquila,
833 561 861 585 et
885 555 1010 595 quidem

123 609 209 629 crure
223 598 325 628 fracto.
347 598 394 628 Ibi
406 599 484 628 male
496 598 627 638 vulgatae
636 598 748 628 habent
760 598 796 628 L.
806 608 860 638 pro
878 599 914 628 T.
930 598 1015 628 Phil.

124 641 187 678 VI,
204 645 232 671 4.
249 641 390 671 omnibus
410 641 564 671 sententiis
587 641 723 671 maximo
737 641 845 681 plausu
868 641 1012 671 condem-

124 690 225 721 natus,
242 684 278 714 de
302 684 342 719 vi,
368 684 434 724 lege
459 684 618 724 Pompeia,
643 689 764 724 propter
785 684 937 714 incensam
959 694 1012 714 cu-

124 727 212 756 riam.
229 727 276 757 Cf.
293 727 331 756 ad
347 726 418 756 Div.
430 726 511 763 VII,
529 732 558 756 2.
575 726 661 756 rediit
674 727 806 756 Romam
820 738 830 763 ς
854 727 1011 757 restitutus

125 770 262 800 videlicet
276 780 294 799 a
309 769 427 799 Caesare
442 769 560 799 victore.
582 769 641 800 Sed
650 769 701 799 hic
716 779 838 809 quoque
852 780 1011 810 perperam

125 813 248 843 exhibet
273 812 435 842 Graeviana
450 813 488 841 L.
511 822 566 852 pro
586 814 623 842 T.
649 812 701 842 Ex
715 812 818 842 libello
834 812 863 842 V
866 823 907 842 ar.
925 812 1011 843 Lect.

124 861 259 896 apparet,
284 865 443 895 operarum
464 855 495 884 id
511 854 618 885 vitium
635 865 706 885 esse.
726 855 765 884 ad
783 854 856 884 Div.
872 854 953 892 VII,
976 859 1006 885 2.

126 897 210 936 XII,
229 901 279 935 18,
302 898 526 927 inimicissimus
550 898 712 934 Ciceronis,
730 908 748 927 a
771 908 831 937 quo
847 904 877 928 et
891 908 1011 928 accusa-

125 951 175 972 tus
191 941 227 972 de
242 941 282 977 vi,
307 940 467 970 damnatus
483 946 535 971 est.
558 941 639 971 Phil.
656 939 738 977 XII,
768 943 816 970 18.
833 940 864 970 id
879 941 952 980 agit,
976 946 1012 971 ut

125 990 227 1014 contra
241 983 390 1023 rempubl.
404 984 558 1014 restitutus
568 994 631 1014 esse
643 984 788 1013 videatur.
807 983 846 1013 ad
861 983 934 1014 Div.
948 982 1010 1023 IX,

129 1030 177 1058 11.
193 1028 257 1066 ejus
273 1026 442 1066 ignorantia
456 1026 614 1056 literarum
630 1026 753 1056 ridetur.

166 1071 219 1100 M.
237 1071 372 1105 Planius,
389 1069 426 1099 ad
442 1069 516 1099 Div.
535 1069 597 1107 IX,
620 1073 666 1100 13.
684 1079 774 1109 eques
790 1069 959 1099 Romanus.

168 1114 267 1149 Plato,
291 1111 363 1142 Div.
381 1111 408 1150 Ι,
430 1113 482 1142 36.
503 1122 572 1153 apes
588 1113 619 1142 in
634 1112 720 1153 pueri
739 1112 831 1142 labris
847 1112 1010 1143 consident.

126 1156 195 1186 Fin.
210 1155 254 1192 V,
271 1157 323 1186 29.
349 1155 442 1185 Tusc.
459 1154 520 1188 IV,
541 1159 588 1189 19.
605 1159 656 1186 25.
680 1155 854 1195 AEgyptum
875 1162 904 1185 et
920 1155 1013 1196 Mag-

124 1209 197 1229 nam
213 1198 363 1228 Graeciam
376 1198 545 1238 peragravit
560 1198 690 1228 scientiae
700 1198 799 1228 causa.
824 1197 918 1228 Acad.
936 1197 963 1236 Ι,
981 1201 1011 1229 5.

125 1241 324 1282 philosophiae
351 1240 514 1271 Platonicae
543 1240 700 1281 descriptio
730 1248 759 1270 et
788 1240 1012 1281 compendium.

125 1284 224 1315 Acad.
245 1283 305 1322 IV,
323 1284 374 1314 39.
391 1284 422 1313 in
438 1283 558 1314 Timaeo
574 1290 700 1324 putatur
715 1283 823 1320 dicere⁷
840 1283 893 1313 sed
908 1285 1016 1314 obscu-

126 1327 199 1364 rius,
224 1327 268 1357 nil
283 1326 397 1356 moveri
411 1333 519 1367 praeter
534 1335 655 1357 terram.
670 1326 744 1356 ibid.
765 1327 817 1361 37.
834 1336 872 1356 ex
887 1326 1015 1357 materia

125 1370 239 1400 facturn
263 1369 416 1399 mundum
439 1380 457 1399 a
480 1369 549 1399 Deo
571 1375 729 1399 aeternum.
751 1369 844 1399 Tusc.
859 1368 887 1407 Ι,
907 1371 953 1399 17.
975 1369 1013 1400 de

126 1412 243 1443 mundo
258 1419 287 1442 et
301 1419 402 1442 mente
415 1412 569 1442 sententia„
597 1412 638 1442 N.
650 1411 691 1450 D.
704 1411 732 1449 1,
751 1414 801 1441 12.
820 1411 851 1441 in
867 1412 1015 1450 sententia¹

126 1456 164 1485 de
180 1454 247 1485 Deo
264 1455 447 1493 inconstans,
463 1455 554 1485 modo
570 1464 746 1495 corporeum
766 1454 848 1491 facit,
864 1455 954 1484 modo
969 1455 1017 1485 in-

127 1508 316 1538 corporeum.
332 1498 373 1527 ib.
392 1501 440 1528 10.
457 1498 619 1528 rotundam
635 1497 764 1537 figuram
779 1497 1015 1538 pulcherrimam

127 1546 225 1582 putat.
249 1540 288 1571 ad
313 1540 384 1570 Div.
403 1539 431 1578 Ι,
455 1543 484 1571 9.
497 1541 585 1580 jubet
600 1540 631 1570 in
646 1540 801 1581 republica
827 1540 1016 1579 contendere,

126 1589 278 1624 quantum
301 1585 428 1624 probare
443 1583 549 1624 possis,
565 1582 629 1613 sine
643 1583 682 1613 vi.
700 1584 756 1613 ἃς.
780 1583 856 1623 Leg.
874 1582 939 1617 III,
969 1586 1017 1614 15.

127 1626 253 1656 mutatis
268 1626 452 1656 musicorum
468 1626 617 1664 cantibus,
634 1626 747 1656 mutari
761 1625 888 1656 civitatis
903 1632 1016 1656 statum

129 1675 226 1709 putat.
250 1668 306 1700 Or.
324 1670 354 1699 2.
379 1669 454 1710 quid
469 1669 506 1700 de
521 1669 595 1699 ideis
610 1674 731 1699 statuat.
755 1668 812 1700 Or.
837 1667 865 1706 Ι,
886 1672 933 1699 ll.
947 1678 1014 1699 ora-

127 1718 224 1742 torem
238 1722 257 1742 a
281 1712 354 1752 reip.
373 1712 586 1752 gubernaculis
608 1718 751 1742 removet.
775 1711 870 1742 Tusc.
890 1711 935 1746 ΙΙ,
964 1714 1013 1741 11.

125 1757 229 1795 poetas
252 1764 269 1786 e
292 1755 411 1786 civitate
426 1754 480 1787 sua
502 1754 591 1795 ejicit.
613 1755 682 1786 Att.
699 1754 780 1793 VII,
800 1757 848 1785 12.
870 1755 935 1794 ejus
951 1763 1009 1785 nu-
