1122 1868
136 57 202 88 230
354 56 505 88 INDEX
529 55 820 89 HISTORICUS.

138 143 225 174 bium
241 152 302 173 non
318 152 379 174 esse
402 143 619 180 AEmilianurn,
636 142 720 184 quod
736 142 890 184 plerisque
903 152 1028 184 persua.

140 197 209 217 sum
225 192 279 217 est.
305 186 364 216 Sed
380 186 489 216 Vellei.
514 185 558 223 II,
580 189 627 216 10.
653 186 761 216 diserte
781 186 915 226 appellat
936 186 1028 217 Pauli

140 235 290 270 nepotem.
315 229 395 259 Plin.
409 228 580 265 XXXIII,
600 230 647 259 11.
661 229 785 259 fratrem
800 229 940 259 Africani
950 229 1027 260 min.

138 279 244 303 vocat:
269 271 350 313 quod
374 282 436 302 esse
454 282 515 302 non
539 278 648 312 potest,
677 271 701 302 si
730 277 773 302 est
804 272 896 302 Pauli
923 281 1029 313 nepos.

140 315 250 346 Velleii
267 315 425 345 auctoritas
440 315 523 345 fastis
538 315 686 345 firmatur.

186 359 222 393 Q.
236 358 352 388 Fabius
373 358 558 395 Virgilianns.
588 358 626 387 ad
644 358 714 387 Div.
730 356 793 394 III,
811 361 840 388 53.
857 360 887 387 4.
911 357 1029 398 legatus

141 401 238 442 Appii
255 400 379 431 Pulchri
395 401 426 430 in
442 401 558 431 Cilicia.
579 401 647 431 Att.
671 400 769 439 VIII,
795 404 846 432 11.
869 401 1031 441 Pompeia-

142 454 208 474 nus.

188 488 224 522 Q.
247 488 369 517 Fabius
398 487 513 525 Labeo,
548 486 738 517 Cunctatoris
763 496 865 528 nepos.
895 486 950 517 Br.
978 488 1031 518 21.

140 529 217 569 juris
233 536 262 559 et
277 529 465 570 antiquitatis
482 530 605 570 peritus.
629 530 744 559 Consul
760 531 802 560 A.
821 530 861 560 U.
879 530 950 564 570.
962 540 1033 560 cum

145 573 253 603 Marco
267 572 424 603 Marcello.
450 572 513 603 Off.
532 572 558 610 I,
576 574 623 602 10.
635 573 745 602 arbiter
761 573 891 603 Nolanis
906 578 936 602 et
950 572 1034 602 Nea-

144 615 285 656 politanis
298 615 335 644 de
350 615 461 645 finibus
477 626 495 645 a
510 622 615 645 senatu
632 615 720 645 datus
736 621 788 645 est.

193 659 229 693 Q.
247 658 376 694 Fabius,
402 658 601 698 Saguntinus,
625 658 716 689 Balb.
732 662 785 689 22.
801 669 819 689 a
834 657 964 688 Metello
979 657 1037 688 Pio

145 701 264 732 civitate
277 700 415 730 donatur.

193 745 259 773 Ser.
278 744 398 773 Fabius
417 745 534 781 Pictor,
552 744 641 774 Brut.
663 747 716 774 21.
738 744 816 783 juris
831 749 860 775 et
875 743 1040 784 antiquita-

148 786 186 816 tis
202 785 325 826 peritus.
361 786 411 816 De
431 786 488 817 hoc
504 787 564 817 vid.
589 786 678 817 Voss.
702 787 784 817 Hist.
810 786 879 817 Lat.
897 785 924 823 I,
942 790 972 817 3.
987 786 1042 827 qui

148 828 258 859 refellit
274 828 455 866 corradum,
473 830 537 870 qui,
554 840 611 870 pro
626 831 740 867 Servio,
756 830 889 860 malebat
899 831 1046 861 Servilia-

149 883 218 902 nus.
235 872 329 902 Bene.
348 873 432 902 Nam
444 873 629 903 servilianus
644 883 740 914 genus
752 873 852 912 duxit,
863 882 926 903 non
941 884 960 904 a
976 872 1045 904 Pic-

150 920 223 949 tore,
242 914 293 945 sed
308 926 326 945 a
342 915 482 955 Gurgite.

201 959 237 988 C.
255 959 435 995 Fabricius,
448 959 504 988 Br.
520 961 568 989 14.
584 959 623 989 ad
636 958 791 1000 Pyrrhum
804 959 923 999 legatus
934 958 1047 989 missus

151 1000 190 1031 de
215 1001 427 1041 recuperandis
450 1001 584 1042 captivis.
617 1002 708 1032 Balb.
734 1005 785 1032 22.
809 1002 914 1032 consul
938 1001 1047 1042 Pyrrhi

152 1050 288 1083 tempore
308 1053 377 1073 cum
392 1044 638 1074 Heracliensibus
650 1044 748 1074 foedus
764 1044 844 1074 facit.
866 1044 930 1075 Off.
948 1045 976 1082 I,
997 1047 1048 1075 13.

152 1086 325 1127 perfugam,
339 1086 392 1126 qui
408 1087 470 1126 regi
487 1096 638 1117 venenum
654 1097 686 1116 se
701 1086 844 1116 daturum
856 1087 1046 1127 promiserat,

155 1128 277 1170 Pyrrho
293 1128 386 1159 dedit.
411 1132 440 1158 4.
454 1130 556 1168 justus
577 1129 762 1159 nominatur.
786 1129 880 1160 Tusc.
903 1128 968 1168 111,
993 1133 1046 1160 23.

154 1171 340 1213 paupertatis
357 1172 495 1202 tolerans.
521 1172 597 1212 Leg.
615 1170 659 1206 ΙΙ,
682 1175 733 1201 23.
752 1171 784 1201 in
807 1172 892 1202 Urbe
909 1173 1046 1213 sepultus

156 1222 211 1253 est,
223 1214 305 1254 quod
317 1214 348 1243 in
360 1213 428 1244 XII
439 1214 569 1245 Tabulis
581 1215 767 1255 prohibetur.
789 1214 875 1245 Add.
892 1214 979 1246 Orat.
996 1215 1045 1255 11,

157 1261 208 1289 66.
227 1255 292 1294 III,
311 1258 361 1287 15.
380 1257 483 1287 Plane.
500 1260 550 1288 25.

203 1302 239 1331 C.
256 1306 285 1330 et
298 1301 338 1330 L.
355 1301 507 1340 Fabricii,
524 1301 646 1331 Cluent.
667 1304 716 1331 16.
731 1299 930 1339 Aletrinates,
947 1300 1047 1342 Oppi-

159 1343 238 1373 anici
254 1342 426 1374 familiares.

203 1386 240 1420 Q.
266 1387 443 1423 Fabricius,
479 1387 562 1417 Sext.
588 1389 640 1417 35.
663 1386 731 1417 trib.
753 1386 796 1427 pl.
820 1386 938 1427 primus
960 1385 1048 1416 VIII

159 1428 226 1459 Cal.
240 1428 330 1458 Febr.
344 1429 381 1458 Ρ.
398 1429 530 1459 Lentulo
545 1430 705 1470 Spinthere
717 1440 775 1459 cos.
791 1429 976 1469 rogationem
990 1429 1049 1459 fert

161 1471 199 1501 de
216 1470 360 1501 Cicerone
375 1472 549 1502 revocando.
567 1472 615 1503 Cf.
632 1472 663 1502 in
680 1473 749 1503 Sen.
762 1478 829 1512 post
844 1471 922 1501 Red.
939 1473 968 1502 8.

205 1515 341 1550 Fadius,
363 1515 401 1544 ad
417 1515 490 1545 Div.
505 1515 549 1553 X,
566 1516 618 1545 32.
634 1515 721 1545 miles
743 1514 869 1555 quidam
888 1514 1051 1556 Pompeia-

162 1565 233 1592 nus,
249 1566 268 1585 a
282 1556 383 1586 Balbo
398 1557 515 1588 minore
530 1558 689 1588 crudeliter
703 1563 856 1588 tractatus.

210 1598 247 1634 Q.
271 1599 404 1638 Fadius,
434 1599 515 1630 Phil.
533 1599 580 1638 II,
598 1604 627 1631 2.
654 1600 823 1638 libertinus,
844 1599 933 1639 cujus
955 1599 1051 1632 filiam

166 1640 256 1671 duxit
270 1640 319 1670 Μ.
335 1641 492 1673 Antonius
503 1643 653 1674 triumvir.

165 1683 251 1757 ‘b'dQ·
266 1684 390 1716 Fadius
409 1686 529 1723 Gallus,
556 1686 624 1717 Fin.
641 1685 688 1725 11,
712 1685 763 1722 17.
788 1685 853 1725 ejus
867 1684 930 1716 filia
946 1684 1052 1718 Fadia.

164 1737 174 1756 1
197 1737 206 1756 ι
229 1747 237 1757 .
