1137 1848
297 76 446 107 INDEX
471 76 756 109 HISTORICUS.
914 78 972 109 123

127 161 295 201 AEsclcines,
320 162 376 194 Or.
401 163 431 201 I,
463 167 513 201 11,
540 163 753 201 Academicus,
781 173 853 194 cum
874 163 973 195 Char.

84 203 173 234 mad&
188 211 218 235 et
232 205 421 236 Clitomacho
435 206 638 237 Academiam
659 206 799 237 obtinuit.
825 207 857 236 N
859 207 973 247 eapoli-

83 251 173 318 ganus
186 247 256 286 fuit,
280 248 447 279 Melanthii
464 249 580 280 Rhodii
602 249 779 290 discipulus,
802 250 906 280 La‘ert.
923 249 970 286 II,

123 334 274 371 AEsclcrz'o,
291 334 323 365 in
339 335 428 366 Verr.
443 335 511 371 III,
532 338 582 373 14,
601 336 819 376 Syracusanus.

125 377 299 417 AEsclzylus,
325 378 424 408 Acad.
452 378 480 416 I,
507 382 538 416 3,
563 379 657 409 Tusc.
684 379 732 415 II,
765 382 814 417 10,
842 379 970 419 aliisque

82 418 221 459 pluribus
236 420 317 450 locis.
342 421 438 452 Poeta
452 429 482 452 et
498 421 728 462 Pythagoricus.

125 462 288 503 AEsclzylus
305 463 445 503 Cnidius,
461 465 551 495 Brut.
565 466 619 502 91,
635 465 747 501 rhetor,
764 475 898 505 quocum
913 464 974 494 fuit

82 504 113 534 in
129 505 206 536 Asia
221 506 326 537 Cicero
344 507 523 538 adolescens.

125 549 301 589 AEsclzylus,
318 550 558 590 Tyndaritanus,
575 551 607 581 in
622 551 712 581 Verr.
724 551 756 582 V
759 574 768 588 ,
785 554 837 580 22.

125 592 332 632 AEsculapius.
356 593 389 623 N
392 616 399 623 .
412 593 454 623 D.
472 593 537 630 III,
555 597 608 632 29,
623 594 725 634 plures
741 593 922 634 AEsculapii.

125 635 322 674 AEsernz'nus,
348 635 423 677 Opt.
447 647 516 678 gen.
537 637 594 668 Or.
617 639 649 675 (5,
669 637 844 678 gladiatoris
863 646 974 667 nomen

81 676 120 707 ab
135 677 278 709 AEsernia
293 680 376 709 urbe.

125 721 324 759 AEserm‘nus,
340 722 431 753 Brut.
445 725 499 761 35,
512 733 679 764 cognomen
692 724 740 754 M.
753 722 876 754 Claudii
888 722 977 752 Mar·

82 763 160 801 celh',
185 765 241 794 filii
256 765 357 795 Marci
372 766 522 797 Marcelli.

128 808 269 847 AEsopus,
286 808 342 839 Or.
354 808 383 847 Ι,
395 812 448 846 61,
461 810 545 840 Sext.
559 810 612 846 58,
629 809 695 847 Qu.
707 810 760 839 Fr.
770 808 798 846 Ι,
811 810 864 846 2-1,
878 808 974 838 Tusc.

85 847 133 886 Π,
153 850 203 888 17,
227 851 333 881 histrio
350 852 470 882 nobilis.
493 853 548 882 Ad
572 852 692 883 Divers.
712 852 794 889 VII,
815 856 843 889 l,
859 851 977 887 histrio,

85 892 165 922 male
180 894 242 934 agit
257 894 288 923 in
304 894 384 924 ludis
400 895 539 935 Pompeii
551 894 584 924 II
597 895 736 925 consulis.
758 895 864 925 Divin.
876 894 905 931 I,
921 897 976 931 87,

84 934 241 966 familiaris
257 937 420 975 Ciceronis,
436 938 588 968 laudatur.
614 937 679 969 Off.
697 938 725 975 Ι,
742 941 796 976 31,
813 947 875 968 non
891 936 979 967 facile

83 977 147 1018 agit
163 979 300 1017 Ajacem.

129 1023 275 1062 Assopus,
296 1022 422 1062 tragoedi
440 1023 531 1061 filius,
553 1023 592 1053 ad
611 1024 681 1053 Att.
701 1023 764 1059 XI,
790 1026 841 1061 18,
863 1025 913 1060 15,
929 1033 976 1053 so-

86 1063 150 1094 cius
165 1065 336 1096 Dolabellae
356 1065 387 1095 in
403 1065 558 1097 adulteriis
579 1076 650 1096 cum
665 1065 824 1106 pellicibus
838 1078 845 1096 :
872 1076 979 1096 excru-

85 1106 144 1137 ciat
158 1107 346 1145 Ciceronem,
362 1108 426 1138 vita
441 1119 480 1139 sc.
496 1109 646 1150 flagitiosa
661 1115 690 1139 et
705 1108 870 1150 deperdita.

127 1151 304 1189 AEtz’denus,
321 1151 347 1181 F
349 1151 421 1182 lace.
436 1156 489 1191 22,
508 1152 695 1182 Trallianus.

128 1195 255 1231 A'e'tz‘on,
268 1195 358 1225 Brut.
375 1198 424 1232 18,
437 1195 541 1235 pictor.
567 1195 673 1234 Hujus
684 1194 806 1236 pictoris
819 1195 979 1236 aliquoties

84 1237 200 1268 mentio
223 1243 267 1268 est
292 1237 375 1278 apud
401 1238 576 1268 Lucianum
602 1238 634 1268 in
660 1238 863 1278 Imaginibus,
891 1239 979 1277 cujus

86 1280 166 1311 locos
189 1280 292 1310 attulit
310 1281 332 1310 J
335 1280 426 1311 unius
449 1281 481 1311 in
498 1281 596 1311 Catal.
613 1281 724 1311 Pictor.
741 1281 798 1310 διε.
822 1281 881 1311 Sed
896 1281 979 1311 hunc

85 1322 188 1354 locum
204 1323 355 1354 Ciceronis
375 1333 436 1354 non
457 1323 542 1354 vidit.
568 1324 660 1354 Alius
679 1324 793 1354 Aetion
815 1324 978 1354 statuarius

86 1371 142 1403 est,
159 1366 212 1407 qui
226 1372 413 1397 memoratur
428 1377 477 1407 ap.
493 1367 704 1403 Theocritum,
722 1366 901 1407 epigramm.
917 1367 948 1402 7.

128 1409 170 1440 L.
186 1409 360 1451 Asramus,
385 1413 487 1450 poe'ta,
511 1410 601 1440 Brut.
624 1411 676 1446 45,
698 1410 835 1440 imitatur
858 1410 894 1440 C.
923 1409 982 1439 'ri-

88 1450 178 1483 tium.
201 1452 272 1482 Fin.
287 1452 315 1490 l,
329 1455 359 1484 3.
376 1452 586 1483 Menandrum
600 1453 715 1483 solebat
725 1458 906 1490 convertere,
924 1453 982 1482 &a

131 1496 172 1526 L.
188 1495 359 1536 Afranius,
384 1496 452 1526 Att.
472 1496 499 1535 I,
528 1500 576 1531 18,
602 1499 653 1534 19,
670 1499 723 1533 20,
739 1496 818 1526 Auli
838 1495 919 1526 filius
934 1495 981 1524 di-

87 1537 174 1568 citur.
197 1538 251 1568 Ad
274 1539 346 1569 Div.
370 1537 467 1577 XVI,
492 1542 542 1577 12,
564 1540 681 1579 legatus
698 1539 838 1579 Pompeii
853 1538 885 1568 in
906 1538 982 1569 His-

88 1580 187 1621 pania.
211 1581 335 1612 Nomen
362 1582 427 1621 ejus
452 1588 497 1612 est
517 1582 609 1612 etiarn
630 1582 668 1612 ad
689 1582 765 1612 Div.
788 1581 817 1619 I,
842 1585 872 1619 l,
894 1581 978 1611 Phil.

90 1622 192 1662 XIII,
225 1627 276 1656 13.
310 1625 427 1655 Consul
449 1625 509 1655 fuit
535 1635 605 1655 cum
631 1625 760 1656 Metello
790 1625 908 1662 Celere,
934 1624 980 1654 A.

90 1666 133 1697 U.
152 1667 224 1698 693.
248 1667 328 1708 Ejus
349 1678 396 1698 res
422 1674 514 1708 gestae
540 1678 611 1698 cum
638 1668 756 1699 Petreio
782 1673 886 1698 contra
913 1666 982 1698 Cae-

92 1718 189 1741 sarem
213 1716 293 1742 notae
312 1716 385 1742 sunt
407 1721 424 1743 e
446 1711 499 1741 lib.
522 1709 540 1741 1
561 1711 688 1743 Caesaris
709 1711 747 1742 de
766 1711 856 1742 Bello
877 1708 980 1742 Civili.
