1122 1868
128 120 187 150 152
340 121 490 153 INDEX
514 120 802 154 HISTORICUS.

168 206 295 241 Atticus,
312 206 404 238 Attic.
426 207 507 245 XII,
524 208 576 237 ⁶23.
601 208 730 238 Annalis
748 208 835 247 ejus:
860 217 900 238 sc.
922 207 1011 245 liber,

123 248 177 289 qui
192 248 342 280 laudatur.
359 251 447 281 Brut.
469 253 498 281 3.
517 249 582 288 ΙΙΙ,
599 255 651 281 20.
674 251 848 292 Adoptatur
863 252 900 280 ab
915 260 1011 280 avun-

122 292 201 322 culo.
217 291 263 327 ΙΙ.
286 296 309 323 1.
322 293 437 333 scripsit
453 294 490 324 de
505 294 662 324 consulatu
679 293 840 323 Ciceronis.
854 293 942 323 Brut.
953 294 1006 323 45.

121 335 186 373 ejus
202 335 306 375 stylus.
318 336 356 366 de
372 337 396 365 F
399 337 439 366 in.
453 336 497 373 ΙΙ,
512 340 562 366 21.
576 337 690 377 colligit
701 336 832 366 historiae
844 336 1009 366 thesauros.

124 377 269 407 Historiae
283 379 499 419 peritissimum
514 379 616 415 fuisse,
634 380 725 409 etiam
742 390 778 409 ex
795 389 828 409 eo
845 379 1007 419 colligitur,

121 420 204 460 quod
218 420 249 450 in
269 422 400 462 epistolis
416 433 494 463 saepe
516 434 533 452 a
549 422 692 452 Cicerone
707 421 744 452 de
759 424 848 452 rebus
864 421 1011 452 historicis

121 463 294 493 consulitur.
319 464 505 505 Epicureum
521 465 623 501 fuisse,
634 465 736 505 opinio
751 471 804 494 est.
830 463 870 493 V.
882 464 920 494 ad
936 464 1010 494 Div.

121 504 221 543 XIII,
239 510 262 536 1.
279 508 392 538 Contra
401 508 535 549 disputat
546 507 739 546 Tunstallus‚
751 507 811 548 Ep.
824 506 863 537 ad
875 507 1012 537 Middle-

124 555 243 586 tonum,
259 560 289 590 p.
307 554 375 582 171.
393 562 440 591 sq.

165 592 311 626 Atticula,
325 593 364 623 ad
378 593 474 624 Attic.
490 592 551 631 IV,
565 595 594 623 5.
611 592 674 623 filia
690 592 784 623 Attici
797 603 806 630 3
824 603 893 634 quae
902 598 931 623 et
943 592 1011 623 Cae-

129 634 198 665 cilia
212 634 331 665 dicitur.

167 678 208 708 Α.
227 680 363 714 Acrisius,
377 689 432 719 pro
448 679 559 710 Caecin.
580 682 629 709 lo.
642 678 726 708 testis
741 678 773 708 in
783 677 947 708 Caecinam.

169 720 204 750 C.
225 721 353 756 Acrisius,
374 732 429 762 pro
445 723 535 752 Rosc.
556 721 632 751 Am.
658 725 706 751 18.
724 721 779 751 suit
793 731 888 751 manu
909 730 1012 751 semen

123 769 316 804 spargentem
337 765 519 795 conveniunt
538 764 639 804 legati.
666 764 715 794 De
731 774 765 794 eo
779 763 882 794 Valer.
899 762 959 800 IV,
982 765 1012 794 4.

125 807 162 836 de
177 812 353 846 paupertate
369 807 552 844 Columella,
568 807 606 837 de
621 808 661 838 R.
677 808 716 837 R.
728 807 782 837 lib.
799 805 828 844 Ι,
844 806 910 837 init.
927 806 1012 838 Plin.

122 848 256 886 XVIII,
273 852 302 879 5.
336 850 398 880 Hic
417 857 472 887 est,
490 851 543 891 qui
563 850 681 891 primus
704 850 823 879 Serrani
845 859 1013 890 cognomen

125 892 248 933 accepit.
269 892 316 923 M.
339 893 375 923 F.
402 893 451 923 M.
471 894 513 923 N.
546 893 661 923 Consul
676 893 734 922 fuit
756 892 800 923 A.
818 892 859 922 U.
884 894 959 929 495,
985 897 1014 922 et

125 936 198 965 503.
223 935 296 965 Non
312 943 414 966 autem
429 936 487 966 fuit
503 936 583 966 filius
598 936 680 966 illius
695 936 819 976 Reguli,
837 935 891 975 qui
912 945 930 964 a
947 935 1015 965 Poe-

125 978 173 1008 nis
188 984 293 1018 captus
309 985 363 1017 est,
380 979 425 1009 uti
440 980 532 1019 vulgo
554 985 673 1019 putant„
702 978 752 1008 De
769 977 887 1008 familia
903 977 1013 1007 Attius

124 1021 237 1061 optime
253 1021 324 1061 egit,
342 1028 371 1052 et
385 1023 499 1052 multos
514 1023 653 1062 vulgares
668 1031 779 1052 errores
793 1020 912 1059 refellit,
932 1020 1015 1050 Peri-

127 1074 194 1094 zon.
211 1064 376 1095 Animadv.
395 1065 477 1095 Hist.
495 1075 519 1094 c.
541 1068 566 1095 1.

172 1108 212 1137 L.
230 1108 363 1144 Actz‘lius,
379 1118 434 1148 pro
450 1108 527 1138 Caec.
552 1111 598 1138 10.
623 1107 663 1137 A.
680 1106 771 1144 filius,
789 1105 872 1135 testis
887 1105 919 1135 in
933 1105 1013 1136 Caec.

171 1151 211 1180 L.
231 1151 360 1188 duilius,
379 1150 417 1180 ad
432 1151 499 1180 Att.
518 1150 564 1189 ΙΙ,
589 1152 617 1181 3.
640 1150 693 1180 ubi
713 1155 815 1179 tamen
831 1148 1013 1179 Tunstauus

127 1193 187 1233 legi
203 1193 268 1223 vult
284 1193 322 1222 A.
330 1194 417 1232 silius
431 1205 440 1230 ;
465 1194 518 1234 qui
534 1200 577 1223 est
589 1194 628 1223 L.
646 1193 806 1228 Afranius,
823 1202 853 1231 p.
865 1192 916 1221 40.

170 1237 217 1266 M.
236 1235 358 1266 Attilius
379 1235 520 1277 Regulus,
542 1236 634 1266 Tusc-
650 1236 692 1273 V,
712 1236 741 1264 3.
775 1235 858 1265 Sext.
875 1236 928 1271 52),
954 1234 1013 1264 διο.

126 1279 163 1309 de
179 1278 269 1309 Offic.
287 1277 351 1315 III,
363 1279 413 1309 26.
430 1279 476 1309 bis
490 1280 595 1309 consul
609 1279 676 1308 fuit.
690 1278 727 1309 de
737 1279 852 1309 Senect.
863 1281 914 1307 20.
939 1276 1015 1307 Car-

127 1322 283 1361 thaginem
299 1321 375 1352 redit
390 1322 428 1352 ad
444 1322 637 1362 supplicium.

173 1364 221 1394 M.
237 1366 369 1401 Αιῑίίὶιιε,
386 1365 554 1401 Calatinus,
569 1365 641 1395 Nat.
654 1364 695 1394 D.
707 1363 755 1401 ΙΙ,
770 1363 820 1392 23.
844 1361 954 1392 Fidem
964 1361 1017 1392 de-

128 1407 218 1437 dicat.
241 1407 357 1437 Consul
373 1407 415 1437 A.
432 1409 503 1438 495.
520 1409 593 1438 498.
617 1407 754 1437 Dictator
769 1406 811 1435 A.
829 1406 900 1435 504.
926 1405 965 1433 A.
979 1404 1015 1434 F.

130 1450 166 1480 C.
185 1450 225 1479 N.
253 1450 331 1489 Ejus
347 1450 438 1480 etiam
457 1451 571 1481 mentio
593 1456 637 1481 est
651 1460 706 1490 pro
722 1449 826 1479 Plane.
843 1449 894 1478 25.
909 1447 947 1477 de
962 1448 1016 1478 Se-

130 1498 207 1523 nect.
227 1493 275 1527 17.

175 1535 224 1566 M.
241 1536 376 1573 Attinas,
391 1535 423 1566 in
439 1536 527 1566 Verr.
545 1536 574 1575 Ι,
599 1536 649 1565 13.
666 1535 703 1565 de
717 1534 874 1573 majestate
889 1532 1017 1563 damna-

131 1584 190 1608 tus.

129 1626 131 1628 '
172 1622 234 1651 Ser.
257 1621 390 1657 lucilius,
418 1621 508 1652 Offic.
526 1622 594 1658 ΙΙΙ,
616 1622 667 1651 30.
685 1619 778 1650 Attic.
795 1618 878 1655 XII,
895 1620 924 1648 5.
941 1617 1013 1649 Cos.

132 1674 201 1694 cum
219 1663 322 1701 Furio,
339 1664 438 1703 legem
453 1664 510 1694 fert
525 1664 562 1694 de
577 1664 685 1694 foedere
701 1661 902 1692 Numantino.

175 1707 308 1743 Anicius,
325 1706 363 1736 ad
379 1707 451 1736 Div.
468 1707 569 1744 XIII,
586 1707 637 1736 62.
655 1715 746 1746 eques
762 1705 855 1734 Rom.

172 1750 307 1787 Λιιίίῐιιε,
328 1749 366 1779 de
381 1749 448 1779 Fin.
467 1748 493 1786 Ι,
521 1752 551 1779 2.
574 1748 730 1789 Sophoclis
749 1747 904 1778 Electram
925 1745 1015 1777 Lati-

128 1802 199 1822 num
215 1792 294 1823 facit.
319 1792 427 1830 Qualis
443 1792 576 1833 scriptor.
601 1791 711 1823 Confer
726 1790 794 1821 Att.
811 1789 907 1827 XIV,
924 1790 976 1820 20.
