1137 1848
333 63 482 98 INDEX
505 64 793 98 HISTORICUS.
952 69 1010 99 163

164 152 215 183 M
234 153 421 189 Βιισςιιίςὶηε,
439 152 495 183 Or.
515 151 543 189 Ι,
559 153 612 184 39.

168 196 348 233 Βιιεῐίίήηιις,
365 197 431 226 Att.
450 195 526 233 XV,
551 198 597 226 17.
616 195 710 234 XVI,
729 198 758 227 4.
773 206 854 226 unus
877 207 893 227 e
909 199 1014 238 conju-

126 238 197 268 ratis
212 239 242 268 in
260 239 420 269 Caesarem.

170 281 294 317 Bulbus,
312 282 398 311 Verr.
414 281 477 317 ΙΙΙ,
495 285 547 312 32.
573 283 695 313 Cluent.
712 285 763 315 26.
784 291 902 315 senator
918 285 1011 316 Rom.

126 324 217 354 homo
229 324 366 354 sordidus

170 367 316 403 Burrhus⁷
342 367 428 398 Orat.
448 369 498 397 48.
522 369 643 399 Ennius
667 369 756 407 dixit,
784 380 839 410 pro
866 370 1012 411 Pyrrhus.

126 409 168 440 V.
187 409 300 440 Victor.
318 409 357 438 V.
369 411 406 440 L.
426 411 474 440 XI
480 411 520 448 V,
536 413 566 441 3.

172 455 209 484 P.
228 453 403 491 Bur-rimus,
429 454 539 491 Quint.
565 456 594 484 6.
619 462 728 496 praetor
748 457 894 494 urbanus,
915 454 953 485 A.
970 455 1013 486 U.

125 497 200 534 670,
211 496 349 536 Scipione
364 504 392 526 et
410 497 554 527 Norbano
570 508 643 528 coss.

175 541 206 569 Ἰ.
223 539 329 575 Bar-sn,
357 539 534 577 (Munatius
550 541 695 578 Plancus)
719 541 758 571 ad
781 541 854 571 Div.
878 541 958 578 VII,
981 544 1011 570 2.

126 582 288 612 damnatur
308 588 375 622 post
399 582 599 621 tribunatum,
625 584 772 625 Pompeio
799 585 848 614 M.
867 584 921 614 III
942 594 1014 615 con-

127 625 192 656 sule
207 631 337 665 gestum.

172 667 335 705 Bam-enus,
352 667 392 706 Q.
412 668 462 698 Fr.
480 667 526 706 ΙΙ,
545 672 593 704 12,
610 670 732 710 regulus
755 671 902 701 barbarus
917 676 946 701 et
961 671 1016 701 ob-

127 721 242 742 seui-us.

169 753 359 791 Βιιεεεηηὶαε,
373 753 440 784 Att.
458 753 556 793 VIII,
576 758 623 786 12.
642 756 858 797 Pompeianus.

548 841 584 872 C.

170 926 204 958 C.
221 928 391 965 Coc-arrius,
416 927 447 957 in
470 927 558 958 Verr.
575 927 618 967 V,
638 928 686 963 17.
711 928 783 959 civis
808 929 901 959 Rom.
926 928 1014 969 Lily-

125 970 192 1002 baei.

171 1013 301 1051 Camilia,
318 1013 439 1043 Metelli
462 1013 611 1044 Balearici
637 1013 708 1043 filia.
734 1014 771 1044 de
792 1013 864 1043 Div.
883 1014 910 1052 Ι,
928 1017 957 1043 2.
974 1024 1012 1044 ex

125 1058 190 1096 ejus
205 1056 321 1087 somnio
336 1056 358 1085 J
362 1056 469 1085 unonis
485 1057 612 1096 Sospita?
635 1057 786 1097 templum
802 1057 957 1087 refectum.
973 1056 1011 1086 de

125 1099 198 1130 Div.
215 1100 244 1136 Ι,
260 1100 310 1128 44.
328 1097 374 1135 ΙΙ,
397 1100 448 1129 40.
472 1099 503 1129 S.
520 1099 610 1130 Rosc.
625 1102 674 1129 50.
704 1100 831 1140 Nepotis
855 1098 1007 1138 (majoris)

124 1152 225 1172 soror:
252 1141 304 1171 sed
318 1141 391 1182 quia
406 1141 510 1171 eadem
526 1141 650 1179 femina,
674 1142 746 1172 ibid.
760 1153 785 1172 c.
808 1143 855 1172 10.
882 1142 1010 1182 Nepotis

123 1185 186 1215 filia
200 1185 320 1219 dieitur,
337 1184 391 1213 viri
407 1184 486 1214 docti
502 1191 554 1214 aut
579 1185 630 1215 hic
651 1185 815 1225 legendum
837 1191 947 1225 putant
962 1196 1007 1214 so-

122 1239 184 1264 rar,
200 1234 263 1264 aut,
279 1237 304 1257 c.
321 1228 372 1256 50.
385 1226 549 1257 delendum
561 1230 722 1265 Balearzcr,
736 1238 762 1257 ec
777 1238 909 1257 sororem.
927 1228 1012 1257 Nam

123 1277 177 1301 aut
192 1269 341 1300 Balearici
360 1269 423 1299 filia
439 1276 493 1306 est,
510 1276 539 1299 et
562 1270 690 1311 Nepotis
706 1270 828 1309 majoris
843 1280 936 1307 soror,
958 1278 1012 1300 aut

124 1313 253 1353 Nepotis
268 1312 340 1348 filia,
354 1322 415 1342 non
430 1313 588 1343 Balearici.
614 1314 673 1349 Ea,
691 1324 759 1353 quae
773 1323 797 1342 c.
809 1314 860 1343 50.
870 1313 907 1343 de
919 1313 954 1342 eii
965 1313 1012 1342 di-

123 1362 245 1393 cuntur,
262 1355 411 1385 Balearici
426 1355 496 1385 filiae
511 1356 608 1396 magis
623 1356 816 1392 conveniunt,
833 1366 926 1396 quam
943 1355 1011 1385 Ne-

123 1398 212 1439 potis.
237 1397 364 1438 Nepotis
380 1397 460 1427 filius
475 1404 541 1427 tum
558 1398 694 1428 nondum
711 1398 918 1428 ornatissimus
939 1398 1010 1435 fuit,

120 1441 224 1480 junior
248 1441 361 1481 quippe
383 1440 545 1470 Cicerone:
571 1451 625 1471 nec
645 1441 745 1480 patrui
771 1441 927 1471 clarissimi
952 1441 1011 1470 nisi

123 1484 161 1514 de
176 1483 366 1521 Macedonici
381 1483 460 1521 filiis,
477 1483 625 1514 Balearici
637 1484 791 1521 fratribus,
803 1483 931 1524 intelligi
943 1493 1012 1524 pos-

124 1533 205 1561 sunt,

168 1571 295 1607 emilia,
312 1568 377 1599 Att.
395 1568 455 1605 VI,
472 1571 501 1598 ’2.
515 1575 543 1599 et
555 1570 583 1598 4.
595 1574 638 1599 est
649 1569 711 1599 filia
720 1567 825 1599 Attici.
850 1569 919 1609 Ipse
929 1569 1011 1599 enim

124 1612 243 1644 Atticus
258 1612 397 1642 Caecilius
423 1612 542 1650 dicitur,
570 1612 643 1653 quia
668 1623 685 1642 a
712 1612 833 1642 Caeciho
859 1612 1010 1642 avunculo

125 1656 284 1696 adoptatus
299 1662 371 1685 erat.

168 1697 202 1728 C.
221 1699 367 1737 Caecilz'ns,
385 1698 484 1729 Flacc.
497 1699 548 1729 36.
563 1708 653 1739 eques
669 1698 838 1728 Romanus.
