1122 1868
136 78 196 109 138
348 79 496 111 INDEX
520 81 807 114 HISTORICUS.

131 165 173 194 A.
194 165 233 195 U.
255 166 327 200 697.
350 165 523 205 Manutius,
539 178 594 208 pro
610 171 747 207 Severus,
761 168 822 209 legi
834 168 900 199 vult
919 170 1020 207 Vetus,

127 213 166 236 ut
186 207 267 237 idem
286 208 324 238 sit
342 219 412 239 cum
433 217 596 250 sequente3
621 211 704 252 quod
725 211 840 252 placuit
860 211 952 242 etiam
975 214 1016 242 A.

131 251 317 290 Augustino,
334 252 381 282 vel
397 255 426 281 S.
448 254 606 284 Antistius
630 256 741 289 Vetus‚·
765 264 858 294 quam
874 255 1017 285 sententi-

129 303 181 322 am
197 299 283 323 ornat
304 295 468 335 Spanhem.
488 296 525 326 de
541 296 580 326 V.
601 306 629 327 et
647 298 681 327 P.
700 298 743 327 N.
763 297 844 327 Diss.
862 296 921 327 VI.
945 298 1014 328 Jac.

129 335 303 366 Gronovius
318 338 425 367 retinet
441 339 595 378 vulgatam
611 341 768 370 lectionem
781 351 790 375 ς
815 346 846 370 et
860 346 961 370 tamen
977 340 1014 370 de

127 378 235 408 eodem
251 379 403 420 intelligit,
420 387 487 421 post
505 382 662 421 Ursulum,
682 383 736 424 qui
758 388 787 412 et
802 383 859 413 hoc
875 383 1016 413 Antistiae

128 421 226 461 gentis
242 432 408 462 cognomen
424 423 518 454 docet.

173 465 330 495 Antistius
349 467 449 503 Vetus,
466 467 504 497 ad
519 468 608 498 Brut.
629 469 678 505 ll,
699 469 845 499 libertatis
860 468 972 499 vindex
987 474 1018 499 et

127 506 277 544 defensor,
295 509 343 538 M.
362 509 458 539 Bruto
479 510 658 541 carissimus.
690 512 748 542 Vir
771 511 926 549 aedilicius,
945 521 1017 542 cum

127 549 181 579 illa
196 550 321 590 epistola
336 552 523 590 scriberetur,
540 554 688 593 petiturus
703 564 776 584 mox
790 560 966 594 praeturam,
980 562 1015 584 ut

127 602 167 622 ex
182 592 236 622 illa
251 594 377 633 epistola
393 601 494 635 patet;
519 602 548 626 et
562 597 680 636 legatus
695 597 744 626 M.
763 597 862 627 Bruti.

171 637 222 674 ὄζω.
240 637 367 674 Antius,
386 638 466 668 Phil.
480 639 540 676 IX,
556 641 588 675 2,
604 640 635 668 in
649 639 798 679 legatione
813 650 830 669 a
847 640 938 669 Larte
950 639 1015 670 Το-

127 678 246 708 lumnio
262 680 383 710 occisus.
407 681 467 711 Sed
482 692 530 722 ap.
544 682 624 711 Plin.
644 682 685 711 H.
698 682 739 711 N.
751 682 916 719 XXXIV,
927 683 958 718 6,
972 687 1016 712 est

126 722 176 760 Sp.
195 723 336 752 Nautius
349 737 359 752 .·
385 723 468 763 quod
487 725 538 754 hic
553 724 761 765 reponendum
776 731 864 766 putat
880 724 1017 755 Hardui-

127 773 185 794 nus
197 776 206 793 :
232 764 325 805 idque
340 776 444 796 verum
457 773 541 807 puto.

170 808 218 837 M.
234 810 351 838 Antius
369 811 467 844 Briso,
491 811 582 841 Brut.
600 812 653 849 25,
677 810 817 842 tribunus
837 811 879 852 pl.
907 810 1018 841 restitit

127 849 167 879 L.
187 850 282 880 caesii
297 852 357 891 legi
372 853 544 883 tabellarize.

171 895 202 923 C.
213 895 383 932 Antonius,
400 896 448 925 M.
464 896 504 925 ffl.
517 897 555 926 ad
566 896 638 926 Div.
652 897 694 934 V,
708 899 740 933 5,
752 897 853 934 Flam,
864 898 917 935 38,
929 897 1015 927 Cice-

124 936 205 966 ronis
229 938 352 978 collega.
392 938 511 969 Habuit
537 940 703 980 quamdam
729 940 897 970 infamiam.
937 940 1015 978 Ejus

123 979 330 1016 damnatione.
349 981 489 1011 Catilinae
500 983 673 1022 sepulcrum
684 983 808 1013 floribus
821 989 973 1019 ornatum,
985 989 1014 1013 et

124 1022 222 1062 epulis
239 1023 432 1054 celebratum.
457 1025 550 1054 Dom.
574 1027 619 1055 16.
641 1036 658 1055 a
682 1026 826 1056 Cicerone
843 1025 1014 1055 defenditur

124 1064 162 1094 ‹le
171 1066 328 1104 majestate
341 1077 417 1097 reus.
432 1067 503 1097 Vat.
520 1069 531 1097 l
542 1069 571 1099 l.
582 1079 651 1098 reus
661 1068 758 1098 factus
768 1075 812 1098 est
823 1069 860 1098 de
871 1074 1013 1108 repetun-

123 1107 170 1137 dis
186 1114 215 1137 et
230 1108 267 1138 de
282 1111 450 1148 majestate.
471 1111 546 1140 Coel.
563 1111 614 1140 31.
633 1118 789 1141 accusatur
805 1122 822 1140 a
840 1111 887 1140 M.
906 1111 1010 1140 (foelio.

123 1150 162 1179 ad
180 1150 252 1180 Div.
271 1151 312 1187 V,
336 1154 365 1181 ὕ.
391 1163 504 1192 procos.
518 1187 520 1189 ¹
532 1154 722 1184 Macedoniae
742 1154 844 1183 minus
864 1153 1013 1183 officiosus

122 1199 167 1222 est
179 1193 210 1223 in
227 1194 412 1224 Ciceronem.
423 1195 461 1225 ad
477 1198 544 1225 Att.
565 1197 591 1230 Ι.
609 1197 657 1226 12.
680 1197 844 1236 Pompeius
857 1196 883 1226 ei
898 1196 928 1225 in
942 1196 1014 1226 Ma-

123 1235 247 1266 cedonia
270 1247 441 1267 successum
457 1239 531 1268 vult.
563 1238 647 1268 Dicit
670 1239 806 1269 Ciceroni
827 1244 943 1279 partem
960 1249 1013 1279 pe-

121 1279 220 1309 cuniae
246 1280 341 1320 quaeri
367 1281 399 1310 in
424 1281 616 1312 Macedonia.
658 1282 706 1311 M.
732 1281 863 1312 Antonii
886 1281 1011 1311 oratoris

124 1321 215 1351 filius.

165 1366 198 1394 C.
221 1366 394 1403 Antonius,
421 1367 502 1398 Phil.
522 1368 603 1405 VII,
632 1370 661 1399 (i.
688 1368 780 1398 frater
804 1368 852 1397 M.
878 1367 1009 1397 Antonii

120 1407 279 1438 triumviri.
315 1409 394 1439 Phil.
417 1411 482 1447 ΙΙΙ,
502 1412 550 1441 10.
576 1412 644 1452 (qui
660 1412 773 1442 ibidem
789 1411 830 1441 L.
850 1412 1008 1441 Antonias

119 1449 151 1478 in
175 1451 305 1490 vulgatis
323 1452 444 1490 dicitur,
461 1454 541 1483 male
561 1460 674 1491 tamen,
692 1460 727 1484 ut
741 1463 845 1484 omnes
859 1452 1007 1491 fatentur)

120 1492 336 1524 Macedoniam
351 1496 472 1526 sortitus
490 1502 545 1536 est,
560 1498 701 1528 sortiente
717 1497 765 1527 Μ.
784 1497 920 1527 Antonio
937 1495 1007 1527 Cos.

119 1534 220 1566 fratre.

162 1579 202 1608 L.
223 1581 394 1617 Antonius,
413 1582 492 1611 Phil.
513 1583 555 1620 V,
573 1585 603 1613 8.
628 1584 720 1614 frater
736 1583 784 1613 M.
804 1581 934 1612 Antonii
955 1582 1009 1611 tri-

119 1622 240 1658 umviri,
257 1624 406 1663 gladiator
423 1625 572 1656 Asiaticus
588 1626 705 1656 dicitur.
732 1626 812 1656 Phil.
827 1625 868 1662 V,
886 1626 915 1654 2.
931 1625 1009 1655 aM-

118 1664 255 1695 Antonio
264 1673 381 1696 creatur
393 1667 507 1697 VIIvir
519 1679 661 1709 agrorum
672 1669 914 1699 dividendorum.
927 1667 1008 1697 Phil.

119 1707 180 1746 VI,
197 1709 227 1737 ὃ.
240 1709 306 1747 ejus
321 1716 420 1740 statua
435 1710 465 1740 in
482 1711 556 1742 foro.
573 1711 612 1742 ad
636 1712 708 1743 Div.
725 1712 769 1751 X,
785 1712 834 1742 15.
855 1721 926 1742 eum
938 1721 1007 1752 per-
