1122 1868
184 107 242 136 102
347 109 495 140 INDEX
519 110 890 142 GEOGRAPHICUS.

213 194 348 231 Persice,
363 196 401 225 ad
419 196 483 226 Att.
501 196 576 233 XV,
593 199 624 233 9,
639 197 770 237 porticus
785 197 977 228 celeberrima
993 198 1055 229 La-

168 235 339 267 cedaemone
354 238 423 277 fuit,
437 250 506 280 quae
521 239 578 270 hoc
593 239 714 269 nomine
729 239 949 280 appellabatur,
973 241 1055 281 quod

169 288 185 307 e
200 280 351 310 manubiis
373 281 533 312 Persarum
553 282 697 312 aedificata
719 289 790 312 erat.
822 282 944 312 Vitruv.
970 282 997 321 1,
1021 285 1053 314 2.

167 321 222 350 Ad
236 321 314 352 hanc
329 324 466 354 alludens
482 325 608 362 Brutus,
626 326 655 355 in
671 325 745 354 villa
766 324 938 361 Lanuvin5‚
959 327 1053 366 porti-

166 373 236 393 cum
250 363 391 396 Persicen
407 368 588 407 appellabat.
612 368 652 397 V.
672 369 820 397 Eurotas.

211 408 371 445 Pessimus,
392 411 464 439 urbs
487 410 729 447 Gallo-Graeciae,
751 420 774 440 s.
798 410 947 447 Galatiae;
972 412 1053 442 unde

172 451 404 481 Pessinuntius.

212 494 342 529 Petrini,
359 494 390 524 in
406 495 494 525 Verr.
513 494 574 533 IV,
591 496 644 531 39,
667 495 769 525 Petrae
783 495 887 535 oppidi
902 496 933 525 in
950 495 1052 527 Sicilia

170 545 259 565 elves.

210 579 385 615 Petrinum,
405 581 444 610 ad
460 581 532 611 Div.
549 581 610 618 VI,
631 582 681 617 19,
697 581 858 620 praedium,
875 592 893 611 a
909 582 972 612 vico
988 581 1049 612 Pe-

166 621 256 657 trino,
274 622 326 662 qui
341 623 400 652 fuit
415 624 446 652 in
461 634 534 663 agro
549 624 740 654 Sinuessano.

208 665 364 701 Phoeaces,
391 666 444 695 ΒΥ.
476 667 524 702 18,
551 666 657 707 populi
687 666 825 705 Corcyrae
854 666 1024 697 mollissimi
1038 680 1048 701 ς

163 716 294 747 quorum
318 708 476 738 mollitiem
501 710 566 747 jan]
593 709 747 738 Homerus
772 709 802 737 in
830 708 969 749 Odyssea
995 720 1049 740 no-

167 755 251 779 tavit.

207 793 387 829 Phalereus,
401 800 444 824 est
459 804 623 834 cognomen
646 793 794 824 Demetrii
811 793 945 833 rhetoris,
963 805 982 825 a
995 807 1049 836 pa-

162 845 202 875 go
218 835 330 873 Attico,
344 837 375 866 in
392 848 452 877 quo
468 844 557 867 natus
572 844 643 867 erat.

206 879 422 915 Pharsalicus,
440 890 457 909 a
473 879 632 917 Pharsalo,
647 880 814 910 Thessaliae
828 881 913 910 urbe.

207 922 356 958 Phaselis,
373 924 445 952 urbs
457 923 566 952 ultima
578 923 691 962 Lyciae,
708 923 746 952 ad
756 923 829 952 fines
849 923 1046 964 Pamphyliae.

213 965 388 1003 Phaselitae,
405 966 516 1005 Agrar.
540 964 586 1002 II,
606 966 656 1003 18,
680 965 786 995 incolae
806 965 888 995 urbis
909 965 1048 997 Phaseli-

166 1006 229 1037 dos.

206 1052 384 1089 Pheneatae,
401 1051 438 1081 de
453 1051 527 1081 Nat.
543 1051 585 1081 D.
603 1050 667 1089 ΙΙΙ,
684 1052 736 1088 22,
752 1061 770 1080 a
786 1051 919 1087 Pheneo,
936 1051 1048 1091 oppido

165 1093 313 1123 Areadiae.

205 1137 327 1174 Pherae,
349 1136 387 1166 de
407 1136 510 1166 Divin.
536 1135 563 1173 I,
585 1138 637 1174 25,
657 1138 730 1167 urbs
752 1136 940 1172 Thessaliae;
964 1137 1046 1167 unde

164 1179 300 1216 Pheraei,
317 1179 353 1208 de
366 1179 485 1209 Invent.
505 1178 549 1215 II,
567 1180 617 1210 49.

206 1223 422 1259 Philomelam,
444 1232 466 1251 s.
488 1223 716 1258 Philomelium,
739 1221 777 1252 ad
791 1222 859 1252 Att.
880 1221 922 1259 V,
936 1223 988 1257 20,
1005 1222 1044 1252 ad

160 1263 232 1294 Div.
249 1263 314 1301 III,
338 1266 368 1299 8,
388 1264 419 1294 in
435 1265 519 1294 Verr.
538 1264 599 1301 IV,
616 1266 668 1302 83,
690 1265 762 1295 urbs
779 1264 926 1304 Phrygiae
947 1265 1044 1303 majo-

160 1307 209 1337 ris.
234 1307 325 1337 Unde
338 1308 593 1343 Philomelienses,
610 1308 642 1337 in
657 1308 742 1337 Yerr.
761 1306 821 1345 IV,
837 1308 890 1337 83.

206 1351 345 1388 Phintia,
362 1350 393 1379 in
411 1350 495 1380 Verr.
515 1350 575 1387 IV,
592 1351 644 1386 83,
660 1350 808 1390 oppidum
823 1350 940 1381 Sicih'ae.

202 1394 321 1428 Phlius,
338 1393 376 1422 ad
393 1393 457 1422 Att.
474 1393 535 1430 w,
552 1395 583 1423 2.
600 1394 672 1422 urbs
688 1392 824 1429 Acha'iae,
840 1392 922 1422 unde
936 1393 1042 1422 Phlia-

158 1435 199 1465 εἰτ’
220 1442 250 1466 et
270 1437 433 1466 Plzliuntii.
467 1435 526 1466 Sed
546 1435 624 1465 inud
647 1441 748 1465 tamen
769 1434 917 1465 usitatius.
949 1435 1040 1466 Tusc.

166 1478 228 1514 IV,
245 1479 274 1507 3.

204 1522 324 1557 Phocii,
340 1521 370 1550 in
388 1520 495 1551 Pison.
513 1521 564 1557 40,
578 1521 683 1561 populi
699 1521 850 1551 Phocidis.

203 1565 358 1599 Phoenice,
378 1563 470 1593 Acad.
493 1564 550 1599 lv,
577 1565 629 1599 20,
650 1574 719 1604 pars
737 1563 847 1603 Syriae:
875 1562 929 1593 etsi
949 1563 1042 1593 inter-

158 1605 233 1635 dum
248 1607 286 1636 ab
302 1606 337 1637 ea
347 1606 543 1645 distinguitur
552 1613 672 1646 propter
684 1606 870 1636 nobilitatem
883 1612 912 1636 et
923 1607 1041 1646 magui-

158 1648 305 1678 tudinem.
329 1648 409 1678 Phil.
424 1648 486 1683 XI,
502 1649 548 1678 14.
572 1648 720 1678 Cellarius
730 1649 842 1689 aliique
853 1655 963 1688 negant
979 1649 1040 1678 La-

158 1689 258 1721 tinum
280 1702 350 1721 esse.
375 1691 533 1720 Phoenicia
555 1691 603 1720 Cl.
631 1691 768 1721 Schwarz
789 1690 916 1720 adduxit
938 1698 1040 1721 contra

154 1732 257 1764 locum
273 1733 430 1770 Varronis,
445 1733 482 1763 de
499 1733 536 1763 L.
553 1733 592 1763 L.
604 1733 663 1771 lv,
680 1734 710 1763 6.
733 1733 793 1764 Sed
807 1733 897 1764 etiam
913 1732 950 1763 de
966 1732 1036 1763 Fin.

157 1775 215 1814 IV,
241 1777 294 1814 20,
327 1776 469 1806 editiones
495 1775 634 1816 quzedarn
661 1776 772 1806 habent
799 1777 964 1805 Pham-ticin.
1004 1777 1039 1805 ln
