1137 1848
293 82 443 113 INDEX
465 82 752 114 HISTORICUS.
904 85 960 114 161

84 175 241 210 tamquam
267 169 353 199 alteri
372 169 519 199 libertatis
539 168 688 206 assertori,
707 169 789 210 quod
815 169 842 199 ei
862 168 971 199 deinde

85 212 206 242 mansit.

130 256 174 285 D.
184 255 298 285 Junius
311 255 436 292 Brutus,
454 254 502 284 M.
517 255 609 291 filius5
621 255 735 295 collega
747 255 887 285 Africani
899 255 974 285 min.

88 297 118 327 'm
135 298 291 328 consulatu
303 297 344 328 A.
360 298 400 328 U.
415 298 488 327 (510⁴.
513 298 667 327 Eume&
686 300 790 328 Graece
806 298 920 328 doctus.
938 298 975 328 de

90 341 166 380 Leg.
184 341 251 378 ΙΙΙ,
268 342 297 371 9.
321 351 339 370 a
355 341 423 370 trib.
446 340 582 370 Curiatio
606 341 637 370 in
663 341 783 370 vincula
809 341 976 380 conjicitur.

90 393 145 424 pro
161 383 270 419 Balbo.
292 384 341 418 17.
357 383 388 413 in
401 383 551 423 Hispania
561 384 696 413 ulteriori
711 384 836 413 feliciter
850 390 978 424 pugnat,

92 432 121 456 ct
143 426 180 456 de
204 426 343 456 Gallacis
362 426 541 466 triumphat.
563 427 658 456 Arch.
686 428 714 457 9.
740 427 822 456 Attii
849 427 982 456 versibus

91 469 280 499 monimenta
295 480 350 499 sua
364 469 524 509 inscripsit.
549 469 699 508 Ejusdem
715 470 806 499 etiam
821 470 935 499 mentio
946 469 980 499 fit

92 511 125 542 in
140 512 249 549 Bruto,
267 514 317 542 22.
341 514 405 552 Ap.
423 512 589 548 Velleium,
614 512 660 549 ΙΙ,
685 514 713 541 5.
731 512 839 542 dicitur
855 512 978 543 Aulus:

94 555 135 585 V.
150 554 337 595 interpretes,
355 562 384 585 et
397 555 499 595 Sigon.
513 555 551 584 ad
567 556 607 585 A.
622 556 662 586 U.
683 556 754 585 615.

137 599 182 627 D.
199 599 325 634 Brutus,
340 598 429 628 Brut.
440 600 490 632 47.
502 608 556 638 pro
567 598 672 628 Rabir.
689 599 718 633 7.
746 599 808 628 Att.
829 597 910 633 XII,
927 601 979 628 272.

97 642 202 671 Graece
214 646 243 670 et
259 640 368 670 Latine
390 641 505 671 doctus.
530 640 647 672 Consul
661 641 720 671 fuit
735 651 805 671 cum
822 641 981 672 Mamerco

95 682 224 714 AEmilio
241 683 358 724 Lepido
374 683 514 713 Liviano.

141 728 181 756 D.
200 727 322 763 brutus,
346 727 433 756 Verr.
450 725 496 763 ΙΙ,
510 728 560 756 55.
572 726 652 756 Phil.
666 727 734 766 ΙΙΙ,
754 730 780 756 1.
796 727 982 768 provinciam

97 769 244 805 Galliam,
261 780 278 799 a
294 769 411 799 Caesare
426 770 483 810 ipsi
497 769 611 807 datam,
628 770 740 810 eripere
750 774 840 800 audet
850 770 983 800 Antoni-

96 824 141 844 us.
174 812 253 851 Ejus
279 812 422 848 edictum,
440 823 503 853 cap.
521 815 550 842 4.
566 812 620 843 Ad
635 813 753 843 Divers.
776 812 838 849 XI,
859 816 906 842 10.
930 823 984 843 ex-

96 855 223 886 ercitum
239 854 293 884 alit
308 865 362 885 suo
373 861 485 885 sumtu.
502 855 574 885 ibid.
594 858 643 885 11.
663 856 817 885 obsidione
829 856 982 885 liberatur.

95 898 168 929 ibid.
185 896 249 935 XI,
267 902 291 927 l.
308 898 451 938 postulat,
468 904 502 927 ut
517 899 573 929 sibi
589 905 617 929 et
633 899 680 928 M.
694 899 804 936 Bruto⁷
821 905 850 928 et
868 898 982 937 Cassio,

97 951 168 972 cum
183 941 304 981 publico
322 941 460 981 praesidio
475 941 562 971 liceat
574 942 683 971 Romae
699 952 771 977 esse,
785 948 820 971 ut
835 942 893 971 tuti
914 941 982 971 sint.

98 984 187 1015 Idem
210 983 337 1013 liberam
361 984 543 1023 legationem
565 985 698 1025 postulat
713 990 742 1014 et
765 984 888 1025 reliquis
911 984 983 1014 suis.

97 1027 169 1057 ibid.
187 1029 239 1055 21.
255 1026 286 1056 in
299 1026 474 1056 decemviris
486 1033 541 1063 est⁷
555 1027 670 1064 creatis,
687 1033 721 1057 ut
736 1028 774 1057 ab
790 1026 927 1058 Antonio
938 1037 986 1057 ra-

98 1070 210 1100 tionem
227 1070 303 1110 gesti
317 1070 490 1100 consulatus
509 1076 686 1110 repeterent.

142 1114 190 1143 M.
209 1113 333 1149 Βιυιυς,
356 1118 452 1152 pater,
479 1113 518 1142 ad
542 1113 614 1143 Div.
640 1113 722 1150 VII,
748 1116 798 1142 22).
823 1113 912 1143 Brut.
934 1113 974 1148 47

99 1156 210 1187 JCtus.
242 1155 331 1186 Brut.
357 1157 408 1185 62.
429 1156 507 1194 juris
530 1156 645 1196 publici
661 1162 690 1186 et
704 1156 814 1197 privati
829 1156 953 1196 peritus,
970 1166 988 1186 a

99 1199 211 1229 forensi
236 1198 408 1238 eloquentia
428 1199 535 1228 abfuit.
560 1198 615 1229 Or.
638 1198 684 1237 ΙΙ,
709 1202 761 1228 32.
782 1199 851 1229 libri
872 1199 909 1228 de
921 1200 990 1238 jure

102 1242 277 1272 laudantur.
296 1251 351 1281 pro
375 1240 498 1272 Cluent.
517 1244 569 1272 51.
589 1242 675 1272 initia
695 1242 842 1271 librorum
866 1241 904 1271 de
921 1243 990 1280 jure

103 1284 192 1315 civili.
216 1284 283 1313 Fin.
302 1284 331 1321 Ι,
358 1285 388 1313 4.
420 1284 522 1325 Negat
545 1291 666 1325 partum
694 1285 810 1315 ancillae
833 1284 864 1314 in
887 1285 989 1314 fructu

103 1327 291 1363 habendum,
308 1328 364 1357 ἃς.
389 1326 440 1357 De
455 1338 489 1358 eo
505 1328 658 1358 consulere
666 1328 736 1358 licet
747 1334 882 1358 auctores
896 1327 989 1357 histo-

101 1369 154 1401 riae
162 1370 239 1409 juris
250 1370 343 1400 Rom.

147 1415 197 1444 M.
214 1413 338 1451 Brutus,
354 1412 444 1443 filius.
465 1413 522 1444 Or.
538 1413 585 1452 ΙΙ,
602 1414 652 1443 54.
674 1413 754 1443 filius
772 1414 847 1452 ejus,
875 1411 928 1453 qui
950 1413 988 1442 li-

103 1458 173 1487 bros
188 1456 225 1486 de
239 1456 318 1486 Jure
341 1456 432 1486 Civili
458 1456 585 1496 scripsit,
603 1457 660 1487 Cn.
685 1456 844 1486 Plancium
868 1466 990 1486 accusa-

102 1499 157 1537 vit,
173 1499 326 1529 defensore
340 1500 466 1535 ‘Crasso3
483 1500 536 1540 qui
551 1510 619 1529 cum
637 1501 675 1529 ab
691 1509 725 1529 eo
739 1499 891 1529 lacessitus
902 1506 989 1538 esset,

102 1541 135 1571 in
150 1542 203 1572 ill-”i
219 1542 405 1572 accusatione
417 1542 534 1582 egregie
550 1552 620 1572 eum
636 1543 720 1571 ultus
736 1548 788 1571 est.
801 1542 850 1572 Cf.
864 1541 989 1575 cluent.

103 1585 155 1615 51.
187 1585 276 1615 Brut.
300 1586 353 1614 34.
373 1585 591 1615 accusationem
613 1585 778 1621 factitavit3
803 1585 902 1614 nullos
924 1595 991 1615 ma-

103 1628 245 1668 gistratus
265 1627 391 1667 petivit3
415 1627 543 1658 dedecus
563 1628 687 1658 familiae
711 1633 841 1658 vocatur.
867 1627 989 1658 Cluent.

104 1674 156 1701 51.
188 1670 300 1701 Orator
314 1671 485 1708 vehemens,
507 1671 586 1700 bona
609 1677 734 1711 paterna
752 1671 869 1700 effudit.
900 1670 990 1702 Font-

107 1716 155 1744 13.
173 1719 291 1744 accusat
305 1713 464 1744 Scaurum.
492 1713 555 1744 Off.
578 1713 624 1751 ΙΙ,
651 1717 697 1745 14.
718 1714 795 1751 juris
819 1713 914 1744 civilis
939 1725 993 1755 pe-

103 1757 189 1795 ritus,
212 1762 334 1797 propter
351 1757 463 1787 multas
479 1757 679 1788 accusationes
694 1759 860 1786 Accusator
881 1766 991 1797 cogno-

718 1809 736 1829 ι·
752 1800 772 1827 3
