1122 1868
183 30 246 59 432
339 23 487 56 INDEX
512 23 911 57 GRAECO-LATINUS.

226 119 440 152 Γεωμετρικως,
454 121 517 141 non
532 111 638 141 miuus
653 110 734 141 certs'i
750 113 882 149 ratione,
894 121 989 151 quam
1005 108 1066 150 qud

179 161 343 198 geomelrce
358 160 503 189 utuntur,
524 154 562 184 ad.
579 155 644 184 Att.
661 153 743 192 XII,
760 156 789 183 5.
805 165 1006 194 γεωμετρικως
1020 153 1067 182 di-

181 203 258 232 citur
274 199 394 230 Atticus
409 196 586 227 Ciceronem
598 196 753 237 refellisse,
770 197 801 227 in
817 207 863 235 eo,
880 196 961 237 quod
979 194 1066 226 Cice-

180 255 214 274 ro
229 244 397 284 scripserat,
414 239 580 279 Fannium,
598 240 651 281 qui
665 240 821 271 historiam
837 239 966 280 scripsit,
976 237 1067 270 Laelii

178 297 325 328 generum
342 284 442 314 fuisse.

225 335 277 362 rm
294 340 346 367 προ
362 339 414 364 γης
429 327 563 364 cogitare
578 326 696 363 dicitur,
714 326 767 366 qui
783 326 881 355 solum
897 330 1020 361 vertere,
1036 330 1067 354 et.

180 383 218 403 ex
234 371 292 402 alia
308 369 385 401 terra
397 369 427 398 in
446 369 549 405 aliam,
567 375 595 398 et
611 369 735 409 quidem
757 378 874 408 semper
891 367 1063 408 proximam

178 425 343 456 quamque,
359 411 462 452 fugere
478 411 597 451 cogitat.
621 411 661 440 V.
679 411 802 441 Manut.
819 411 857 441 ad
872 410 904 440 h.
921 410 942 439 l.
959 409 1011 450 qui
1028 420 1065 440 ex

178 457 325 499 AEschylo
335 457 400 486 haec
411 455 502 484 verba
514 454 653 483 desumta
664 460 763 494 putat,
774 454 812 483 ad
826 454 892 483 Att.
902 453 999 490 XIV,
1014 455 1063 482 10.

224 500 326 530 Γλαυκ’
345 512 382 529 εις
399 498 521 532 Αὲηιας,
536 503 684 526 noctuam
696 498 835 526 Athenas
851 499 904 529 (sc.
913 501 999 536 porto
1018 495 1065 526 vel

178 543 296 581 mitto,)
311 542 349 572 ad
366 540 439 570 Div.
456 538 517 575 VI,
535 540 564 569 3.
591 539 650 574 IX,
667 540 697 568 3.
718 539 756 569 ad
772 539 835 576 Qu.
849 539 900 568 Fr.
918 537 962 573 II,
981 539 1030 569 16.

224 592 393 625 Γλισχμιις,
403 592 514 622 parce,
528 583 671 618 tenuiter,
682 581 720 612 ad
735 582 795 612 Att
821 581 917 618 XVI,
939 585 965 611 1.

220 635 427 666 Γλυκυπικρον,
443 626 532 655 dulce
548 635 706 661 amarum,
723 625 762 654 ad
779 624 845 654 Att.
862 623 904 662 V,
922 624 973 653 21.

220 674 320 707 Γνωὲι,
343 681 402 702 πως
421 672 507 704 αλλῳ
525 680 674 708 κεχρηται,
690 678 787 703 nosce,
803 668 1062 708 quemadmodum

175 717 234 747 alio
250 712 454 753 uszcsfaerz't.
487 710 636 750 Explora,
658 710 744 751 prius
764 721 857 752 quam
873 720 943 740 cum
959 710 1063 751 aliquo

173 757 338 790 amicitiam
354 754 456 791 facias,
474 753 626 794 fidemque
638 753 760 789 habeas,
777 752 929 794 quomodo
947 763 977 783 se
992 763 1063 793 erga

172 802 246 833 alios
261 799 373 830 amicos
388 796 522 837 gesserit,
535 796 597 837 qua
606 795 665 826 fide
676 796 708 826 in
721 797 794 827 alios
805 795 896 826 fuerit
909 807 917 825 ε
936 806 973 826 ex
985 796 1062 837 Epi-

174 845 308 876 charmo.

217 888 305 917 Fvcuffra
325 895 453 919 σεαυτον,
469 892 559 912 nosce
573 882 720 921 teipsum,
738 881 776 912 ad
791 880 855 919 Qu.
872 881 924 911 Fr.
936 880 1001 916 ΙΙΙ,
1015 882 1045 911 6.

216 935 348 964 Γοητεια,
361 926 544 966 Ρνιιέῐίἕίαέ,
563 926 724 956 ‘malitiosae
746 925 914 963 blandz'tiae,
938 925 977 955 ad
992 924 1059 955 Att.

173 973 236 1011 IX,
259 975 305 1003 13.

218 1022 282 1046 Γονυ
307 1025 426 1051 κνημης,
446 1021 529 1050 genu
545 1011 632 1047 tibia,
656 1022 694 1042 sc.
710 1011 834 1052 propius
849 1016 904 1048 est,
928 1010 967 1041 ad
985 1010 1060 1041 Div.

172 1059 269 1096 XVI,
286 1060 337 1087 23.
352 1054 559 1096 proverbium,
577 1054 659 1095 quod
675 1065 741 1085 eam
758 1054 820 1084 vim
838 1054 941 1091 habet,
965 1064 1058 1094 quam

169 1100 388 1133 Terentianum
405 1097 494 1133 illud,
512 1099 534 1114 “
552 1097 712 1128 Proximus
731 1107 800 1127 sum
816 1101 935 1137 egomet
949 1097 1059 1127 mihi.”

171 1146 213 1176 V.
231 1142 385 1175 Theocrit.
404 1140 493 1181 ldyll.
510 1139 604 1178 XVI,
624 1141 672 1170 18.

218 1194 333 1227 Γοργεια
346 1195 447 1221 γυμνα,
460 1184 554 1212 larvas
564 1184 670 1220 mulce,
684 1183 723 1213 ad
738 1182 806 1212 Att.
819 1182 877 1217 IV,
899 1183 946 1212 16.
962 1182 998 1213 de
1011 1193 1059 1213 ac-

170 1229 357 1263 cusatoribus
368 1225 504 1261 Gabinii,
518 1226 571 1266 qui
584 1226 739 1256 absolutus
749 1231 828 1261 erat;
847 1225 940 1266 quod,
954 1235 1061 1266 quem-

172 1272 339 1305 admodum
361 1269 453 1299 nudae
475 1273 504 1298 et
524 1268 627 1299 inanes
655 1269 746 1299 larvae
769 1274 881 1298 terrent
905 1268 965 1298 illae
991 1269 1062 1308 qui-

170 1318 253 1354 dem,
270 1314 321 1345 sed
336 1312 398 1342 veri
417 1311 522 1341 damni
544 1311 649 1342 afferre
664 1311 740 1341 nihil
756 1316 890 1352 possunt,
906 1311 948 1341 ita
964 1310 1059 1342 Gabi-

170 1360 256 1391 nium
273 1361 456 1388 accusatores
472 1358 649 1391 terruerant,
666 1353 742 1383 nihil
758 1354 784 1383 ei
800 1359 972 1384 nocuerant.

215 1397 410 1440 Γυμνασιωδη,
427 1402 499 1437 apta
513 1398 690 1437 gymnasio,
706 1397 745 1427 ad
759 1396 828 1427 Att.
845 1397 874 1434 I,
891 1397 921 1426 6.

599 1488 636 1514 Δ.

215 1580 362 1611 Δαιμονες,
375 1578 471 1610 genus
492 1569 642 1606 Deorum,
659 1568 741 1609 quod
757 1567 867 1599 Latine
882 1568 982 1600 Lares
996 1569 1056 1601 dici

169 1627 255 1662 posse
270 1618 358 1656 putat
373 1612 486 1643 Cicero.
510 1612 548 1642 de
563 1611 656 1642 Univ.
679 1616 686 1641 Ι
699 1615 723 1642 l.

215 1658 371 1699 Δεὸηχὲαι,
387 1665 525 1687 morsum
540 1665 613 1694 esse,
629 1654 668 1686 ad
684 1654 752 1686 Att.
767 1652 868 1692 XIII,
881 1654 932 1685 20.
