1137 1848
368 69 516 102 INDEX
540 69 713 101 LEGUM.
961 70 979 97 5

95 156 191 187 verior
210 156 380 186 constituta.
412 157 486 187 Jam
506 155 604 197 pergit
619 155 736 192 Cicero,
757 159 864 184 utram
884 160 978 193 putas

93 200 261 229 molliorem
272 200 288 228 ἴί
311 199 393 239 quod
408 200 450 229 ita
465 198 651 238 intelligatur
671 208 788 228 necesse
803 203 858 234 est,
876 198 976 227 Acili-

90 252 185 272 amne
196 247 289 281 putas
304 253 347 272 an
363 244 526 273 Serviliam
547 242 718 271 molliorem
728 241 744 270 ‘12
769 240 879 280 Neque
895 241 976 270 enim

92 284 130 314 de
141 285 201 314 alia
212 285 338 315 dixerat.
360 286 413 315 Ex
428 296 489 326 quo
503 284 580 314 illud
590 294 711 324 quoque
723 283 850 323 cogitur,
864 290 898 312 ut
907 294 977 323 pro-

91 327 226 363 nomina,
242 328 339 362 illam,
357 330 423 363 illa,
448 330 518 364 Ιιιιε,
539 327 577 356 ad
592 327 646 356 has
661 326 736 356 duas
751 327 831 365 leges
847 326 977 356 referan-

93 376 151 399 tur.
185 371 248 400 Illa
265 381 335 410 ergo
359 382 429 401 cum
453 371 491 401 ad
508 371 644 400 Aciliam
668 369 827 409 pertineat,
851 370 910 398 leae
937 369 975 398 ad

91 414 254 443 Serviliam
270 414 424 452 referatur,
445 423 563 444 necesse
578 418 632 449 est,
649 422 709 441 non
726 412 764 441 ad
787 413 973 449 Corneliam,

91 455 159 491 nisi,
177 456 326 496 quatenus
341 457 396 487 hoc
415 463 506 497 caput
522 464 683 486 commune
699 455 805 484 habuit
821 465 890 485 cum
907 458 976 485 Ser-

89 498 173 528 υἱίίἂ.
205 499 227 528 J
230 509 279 528 am
295 499 412 537 Cicero,
426 500 528 529 statim
543 504 610 539 post
623 503 742 534 utram,
754 497 835 535 dicit,
853 500 974 537 opinor,

90 542 181 571 illam
196 547 336 572 veterem.
363 543 422 572 Sed
444 542 522 572 hanc
538 547 668 571 veterem
684 541 776 581 paulo
790 547 857 580 post
872 542 976 581 appel-

91 584 134 614 lat
149 586 299 614 mitiorem
312 597 324 620 ,-
341 585 433 626 quod,
447 585 509 625 qu&
523 584 653 614 formam
662 583 780 623 judicii,
797 583 826 612 in
841 584 974 614 Aciliam

89 627 237 657 convenit.
262 628 353 665 Item,
367 634 467 658 sumto
477 627 544 664 hoc,
560 627 645 656 illam
661 632 790 656 veterem
806 625 974 657 molliorem

89 680 163 707 esse,
181 671 349 710 subjungit,
366 672 464 711 Atqui
478 681 530 709 ego
551 671 606 700 tihi
626 670 714 699 illam
731 670 871 699 Aciliam
885 671 974 700 resti-

88 718 152 750 tuo,
171 719 205 742 ut
224 723 284 742 non
306 713 353 749 sit,
376 714 457 754 quod
473 723 662 752 conquerare.
696 712 896 742 Manifestum
918 718 972 749 est,

89 756 173 785 illam
183 761 320 791 veterem,
334 764 362 786 et
376 758 463 786 illam
478 757 622 791 Aciliam,
636 755 774 785 eamdem
787 766 857 785 esse.
876 756 907 785 N
910 766 972 790 am,

89 798 171 838 quod
187 798 325 829 Graevius
341 810 393 839 per
405 805 534 830 veterem
549 799 639 829 aliam
650 798 832 839 superiorem
844 799 970 828 Servilia

88 847 119 871 et
134 840 241 871 Acz'lz'zi
258 841 386 882 intelligi
406 848 505 883 putat,
526 851 586 872 non
602 852 671 872 vero
687 840 785 871 simile
801 847 853 871 est.
890 842 974 872 Dicit

86 884 169 914 enim
185 885 271 914 illam
288 891 428 915 veterem.
463 885 635 915 Pronomen
651 885 740 913 illam
756 884 918 914 necessario
934 885 972 914 ad

87 927 214 967 aliquid,
231 927 268 957 de
288 937 349 967 quo
361 928 427 967 jam
442 927 569 965 dictum,
586 927 723 967 pertinet.
753 926 813 956 Sed
828 926 865 956 de
887 928 973 957 null&

84 969 146 999 alia
161 968 289 1006 dictum,
306 970 362 999 nisi
384 970 422 1000 de
437 969 553 1007 Αείἰίἂ,
573 969 612 999 ad
634 979 728 1010 quam
750 968 852 999 referri
868 970 969 1009 possit.

87 1011 165 1042 Haec
190 1012 350 1053 explicatio
365 1023 402 1043 ex
423 1013 534 1053 regulis
554 1012 766 1052 grammatices
787 1017 816 1041 et
841 1013 971 1043 naturali

86 1056 247 1085 verborum
263 1056 471 1086 consecutione
485 1056 527 1086 ita
542 1062 621 1085 certa
635 1054 712 1084 mihi
724 1054 852 1092 videtur,
870 1062 903 1084 ut
919 1065 971 1085 ne-

86 1107 138 1127 mo
153 1097 291 1128 dubitare
314 1099 415 1138 possit.
446 1098 554 1139 Itaque
570 1098 617 1128 vel
639 1108 676 1127 ex
691 1098 747 1127 hoc
762 1097 839 1127 mihi
854 1098 971 1128 videtur

86 1140 203 1177 confici,
221 1141 358 1171 Aciliam
374 1152 437 1172 esse
454 1141 580 1172 Servili&
605 1140 747 1181 priorem.
778 1141 888 1170 Acilia>
912 1141 970 1181 legi

86 1192 176 1213 nemo
190 1183 312 1221 horum,
328 1194 403 1224 quos
421 1185 559 1214 consului
575 1184 612 1213 de
631 1184 688 1213 hac
710 1183 776 1223 lege
800 1183 968 1223 scriptores,

86 1235 202 1255 annum
215 1232 330 1256 certum
346 1227 461 1257 tribuit.
486 1227 577 1258 Unde
591 1226 684 1266 igitur
698 1232 823 1265 constat,
841 1226 970 1257 Servili&

85 1268 279 1308 posteriorem
291 1271 305 1299 ,9
329 1269 361 1299 N
364 1279 396 1299 ec
411 1275 532 1310 tempus
546 1279 601 1299 nec
622 1269 698 1299 ratio
716 1276 877 1309 repugnat,
894 1280 970 1309 quo-

86 1310 188 1341 minus
212 1312 318 1342 Acilz'a
334 1312 415 1352 prior
437 1312 567 1343 Servili&
588 1311 636 1342 sit.
668 1312 741 1352 Ipsa
755 1318 857 1342 autem
872 1312 970 1342 forma

83 1353 201 1392 judicii,
232 1365 300 1395 quae
324 1355 455 1386 acerbior
480 1361 524 1386 est
547 1356 579 1385 in
603 1354 746 1391 Ser-vilia,
777 1365 846 1384 vero
873 1354 970 1385 simile

85 1396 177 1426 etiam
200 1396 280 1427 facit.
313 1398 381 1428 Lex
404 1399 527 1429 Servilia
544 1399 605 1428 lata
627 1403 669 1428 est
684 1398 727 1427 A.
743 1397 784 1427 U.
801 1398 874 1427 653.
892 1408 919 1427 v.
937 1398 969 1427 in

85 1440 214 1469 Servilia
232 1441 308 1470 Lex.
329 1441 425 1471 Filius
441 1441 533 1472 Acilii
548 1442 624 1480 ejus,
641 1440 694 1481 qui
713 1440 791 1470 hanc
805 1440 904 1480 legem
920 1447 970 1470 tu-

83 1481 130 1519 lit,
147 1483 251 1513 consul
265 1483 323 1513 fuit
344 1483 388 1513 A.
406 1484 446 1514 U.
463 1485 536 1514 686.
567 1483 653 1514 Tum
674 1482 829 1523 temporis,
849 1483 887 1512 ad
910 1484 969 1513 mi-

83 1524 214 1563 nimum,
231 1526 430 1566 quadraginta
445 1533 474 1557 et
493 1533 551 1557 tres
566 1536 660 1556 annos
675 1532 764 1556 natus
779 1532 851 1555 erat.
884 1526 968 1556 Inter

82 1567 164 1598 hunc
179 1569 369 1599 consulatum
385 1579 455 1610 ergo
467 1575 496 1600 et
509 1579 625 1599 annum
637 1569 711 1609 legis
726 1569 861 1599 Servilia?
876 1568 968 1599 inter-

79 1610 151 1649 jecti
166 1617 236 1641 srmt
251 1612 323 1641 anni
338 1613 462 1643 omnino
480 1611 628 1643 XXXII.
664 1612 750 1649 Quid
764 1611 892 1652 impedit
906 1623 967 1650 quo

82 1652 183 1683 minus
199 1654 315 1684 Acilius
331 1661 415 1695 pater
430 1662 499 1686 ante
513 1655 570 1686 hoc
585 1660 706 1694 tempus
720 1654 788 1684 trib.
804 1655 847 1694 pl.
865 1657 966 1685 esset?

84 1695 167 1725 Nam
193 1697 384 1727 tribuniciam
406 1698 484 1729 hanc
503 1699 602 1739 legem
629 1707 702 1735 esse,
726 1707 787 1727 non
811 1697 964 1735 dubitant,

84 1738 166 1777 quod
187 1740 288 1772 sciam.
311 1740 405 1779 Quod
428 1741 544 1779 Cicero,
565 1741 598 1772 in
619 1740 753 1812 Veneni3
761 1740 790 1779 Ι,
815 1750 840 1771 c.
860 1740 910 1778 17,
927 1750 965 1770 ex

698 1791 716 1812 B
734 1784 741 1792 .
