1137 1848
185 53 336 86 INDEX
359 52 755 85 GRAECO-LATINUS.
852 53 914 83 433

75 145 169 176 Δεινος
189 153 264 181 amp,
286 153 366 181 ταχα
392 152 437 169 κεν
461 153 509 169 και
528 152 648 170 auxerunt
669 150 814 176 αιτιοῳτο,
830 139 916 170 velze-

28 193 106 212 mens
128 185 182 222 vir,
204 189 231 214 et
256 184 306 224 qui
328 184 372 213 vel
388 184 527 213 ‘insontem
548 193 683 213 accusare
701 185 820 221 audeat,
848 182 915 213 Att.

30 224 131 265 XIII,
147 229 198 257 25.
222 236 258 256 ex
277 225 405 256 Homer.
422 225 511 256 Iliad.
528 231 563 263 A,
580 228 653 255 653.

73 272 198 310 Δερῥεις,
213 270 313 308 pelles,
329 269 490 305 iuzolucm,
507 268 546 298 ad
560 269 629 298 Att.
646 268 708 305 IV,
729 271 776 301 17.

72 318 210 352 Δευτεραι
230 311 385 352 φρουτιδες,
400 313 570 349 posteziores
585 313 781 349 cagitationes,
797 312 836 342 ad
851 312 915 350 Qu.

30 354 79 384 Fr.
98 355 165 394 ΙΙΙ,
184 356 211 384 1.
228 355 257 384 6.
275 364 312 384 ex
327 354 484 402 Euripidis
500 354 682 394 Hippolyto,
699 355 772 384 436.

73 403 224 437 Δημητηρ,
243 399 341 433 Ceres,
364 403 531 435 nonunata,
552 407 638 438 quasl
656 401 806 437 Γκμητηρ,
822 398 915 428 Terra

29 439 145 478 Mater,
162 440 236 471 Nat.
252 440 293 470 D.
313 439 358 477 ΙΙ,
376 443 427 470 26.

71 489 176 521 Ansam,
199 483 237 513 ad
263 484 328 513 Att.
351 482 431 521 VH,
453 483 484 513 3.
509 484 579 513 luca.
603 483 687 513 Nam
712 483 829 514 Latinis
857 485 916 514 loc-a

27 531 99 556 sunt
108 538 213 573 χωροι,
228 538 333 568 χωρια,
359 526 399 556 V.
423 527 550 556 Salmas.
569 525 608 556 ad
628 525 723 556 Solin.
740 537 771 566 p.
785 537 828 557 111.
845 528 917 558 690.

27 567 116 599 Verti
140 568 231 599 etiam
257 574 365 609 potest,
388 570 499 608 papuli,
521 571 598 609 pagi.
631 568 716 597 Nam
747 569 827 607 ὃημοι
857 576 917 600 Ατ-

29 624 122 649 τικης,
135 614 235 650 papuli
250 612 373 648 Attica,
391 612 427 642 de
443 612 555 652 quibus
570 617 668 641 exstat
682 611 813 642 Meursii
830 612 917 642 libel-

29 654 90 691 1115,
107 654 184 684 nihi]
209 660 291 691 sunt,
313 655 371 684 11151
386 657 467 695 pagi,
487 653 650 695 (0111110111-
639 675 650 693 l
674 654 706 684 in
722 665 798 695 quos
813 656 917 686 Attica

27 703 90 727 erat
105 697 264 738 descripta,
287 703 316 727 et
337 708 354 727 a
369 698 481 738 quibus
505 697 716 734 Athenienses,
733 703 767 728 ut
783 699 917 729 Romani

25 750 44 770 a
59 740 208 778 tribubus,
230 740 476 770 nominabantur.
503 741 599 776 Nam,
624 746 657 769 ut
680 740 826 778 Romani,
843 752 871 772 v.
890 752 916 772 c.

26 783 176 822 dicebant,
196 784 233 819 Q.
251 781 362 819 Verres,
382 783 509 813 Ramilzci
524 796 533 819 ;
551 783 592 813 sic
603 782 712 818 Graeci,
729 786 918 822 Δημοσθενης

25 832 184 860 nazaraeus.
207 826 313 857 Cicero
328 827 400 856 dicit
416 836 447 856 se
463 826 613 867 sc1ipsisse
637 828 659 842 ‘⁶
673 827 704 855 in
718 827 916 864 Piraeeum;'‘

26 868 118 909 idque
134 868 191 899 sibi
212 869 355 899 vitiosum
372 869 470 900 visum
482 879 542 899 non
558 879 630 906 esse,
647 868 730 909 quod
749 869 786 899 de
803 869 917 900 Piraeeo

26 911 162 950 dixisset,
178 922 239 942 non
254 919 290 942 ut
305 911 342 942 de
357 913 468 951 oppido,
485 912 536 942 sed
551 918 587 941 ut
601 911 639 941 de
656 914 728 949 laco,
744 911 776 941 h.
791 923 816 943 e.
830 923 916 952 pago,

26 956 160 995 regione.-
188 955 229 985 sic
259 955 440 985 Terentium
470 955 547 984 dixis
536 965 580 984 se
607 965 620 984 e
648 955 761 984 Sumo.-
784 955 918 986 Sunium

26 1007 113 1038 aeque
138 1008 201 1028 esse
221 997 370 1038 oppidum
395 1008 429 1028 ac
453 998 626 1028 Piraeeum:
651 997 765 1038 itaque,
791 998 815 1028 si
839 999 918 1035 ‘dmm

28 1040 88 1070 sint
103 1041 227 1081 oppida,
247 1041 412 1071 necessario
427 1040 607 1070 Terentium
620 1050 742 1081 quoque
756 1052 916 1082 peccasse:

27 1083 80 1113 sed
95 1082 274 1114 Terentium
288 1083 472 1114 intellexisse
488 1083 611 1113 Sunium
630 1094 748 1123 pagum,
764 1095 851 1123 popu
846 1085 916 1121 stim,

26 1127 113 1165 cujus
129 1132 220 1167 caput
234 1132 310 1157 esset
329 1128 402 1157 urbs
418 1126 562 1163 Sunium,
580 1131 609 1156 et
632 1127 686 1166 qui
701 1128 739 1156 ab
756 1137 790 1157 eo
805 1127 918 1168 oppido

26 1169 250 1210 appellaretur:
276 1169 317 1199 sic
332 1180 363 1200 se
377 1169 488 1199 dixisse
508 1169 540 1198 in
557 1171 708 1199 Piraeemn
726 1180 844 1210 pagum,
866 1181 920 1208 pc-

24 1214 140 1251 pulum,
157 1222 218 1242 non
235 1213 374 1251 oppidum
390 1213 501 1252 ipsum.
518 1212 567 1242 Sic
583 1211 746 1252 capiendus
762 1219 806 1243 est
820 1213 916 1249 locus,

27 1265 120 1295 quem
143 1265 198 1286 nec
220 1255 359 1285 Graevius
379 1255 449 1285 satis
465 1255 564 1295 cepit:
590 1264 663 1284 nam
678 1255 770 1284 lecum
785 1255 918 1296 explicat

28 1298 66 1328 de
80 1299 153 1336 vico,
170 1298 269 1339 qualis
292 1298 385 1338 Haga
400 1299 610 1328 Batavorum·
602 1320 612 1332 ‚
637 1308 706 1337 quae
720 1298 859 1328 vocabuli
874 1298 919 1329 vis

26 1340 128 1371 locum
148 1342 200 1371 hic
223 1350 284 1370 non
307 1341 420 1371 habet:
445 1350 517 1370 nam
533 1350 594 1370 non
609 1340 706 1387 magis
728 1341 787 1370 dici
808 1347 917 1382 potest,

28 1384 51 1402 “
63 1384 189 1425 profecti
203 1393 310 1413 sumus
324 1383 356 1413 in
373 1383 532 1423 Hagan1,'
555 1393 649 1423 quam
664 1383 696 1411 in
716 1383 864 1424 Lipsiam.

71 1429 221 1464 Διαθεσις,
245 1436 356 1465 sensus,
377 1427 522 1467 cognatio,
537 1437 592 1466 quo
611 1427 674 1465 quis
689 1428 784 1456 am'mo
799 1433 852 1465 est,
877 1427 916 1458 ad

26 1468 96 1500 Att.
112 1469 209 1507 XIV,
227 1473 256 1498 8.

73 1518 223 1551 Διαλεγος,
240 1512 382 1553 dialogus,
393 1512 577 1552 colloquium,
594 1512 632 1542 ad
647 1511 713 1542 Att.
729 1512 772 1550 V,
789 1515 818 1543 5.
835 1513 913 1551 XV,

73 1603 231 1636 Διαιρεσις,
254 1598 368 1637 divisio,
393 1599 566 1636 distributim,
583 1598 621 1628 ad
638 1598 703 1628 Att.
720 1599 781 1637 VI,
803 1603 829 1630 1.

75 1646 257 1676 Διανοητικαι
283 1647 454 1678 (boam-occentu,
480 1642 674 1681 intelligibiles
701 1644 834 1679 visiones,
857 1643 915 1672 visa

28 1693 127 1714 rerum
141 1684 384 1724 intelligibilium,
399 1695 454 1714 non
473 1685 659 1722 sensibilium,
682 1684 722 1715 ad
739 1684 812 1715 Div.
838 1685 914 1722 XV,

35 1729 83 1757 16.
105 1725 180 1756 Vid.
195 1726 275 1757 infra
286 1731 447 1760 Φαντασια,

74 1768 221 1811 (Clavis.)
645 1771 664 1800 '2
682 1779 700 1801 Ρ
