1137 1848
265 58 417 90 INDEX
441 57 606 89 GRAECO
613 56 843 88 -LATINUs
941 58 1004 89 439

156 143 272 180 Εκβολη
290 151 384 182 λογον,
406 144 554 185 digressio,
578 154 594 174 e
610 142 752 183 Thucyd.
770 141 798 180 1,
814 143 866 178 97.
881 142 920 173 ad
935 142 1002 173 Att.

113 185 194 224 VII,
214 188 241 217 1.

156 235 323 269 Εκμαγειον.
347 229 386 260 ad
407 232 474 260 Att.
496 230 540 267 X,
565 230 592 259 Ι.
608 229 687 259 hanc
712 239 815 260 vocem
831 229 863 258 in
885 228 1006 259 Cicero-

112 282 184 303 nem
207 272 330 303 intrusit
345 273 456 304 Bosius
472 283 488 303 e
510 272 643 312 vestigiis
659 272 766 302 codicis
782 272 853 302 MS.
877 271 937 303 Sed
952 281 1006 302 ne-

114 326 175 355 que
197 315 230 345 in
255 316 450 347 Gronoviana
470 325 569 356 neque
584 315 616 344 in
642 314 803 345 Graeviana
821 320 936 345 servata
952 320 1006 345 est.

114 358 165 388 De
180 368 251 389 voce
268 371 425 397 εκμαγειον,
450 369 477 389 v.
494 359 583 389 Voss
601 357 639 387 ad
655 357 768 388 Catull.
784 368 814 397 p.
832 358 882 391 97.

160 405 380 441 Εκτειιεστερον,
402 402 543 440 prolixius
567 407 593 431 et
616 401 728 441 largius
756 403 786 429 in
816 401 919 441 qfficz'z's
941 410 1007 437 pro-

114 445 275 481 mittendis,
291 450 317 474 ει
333 443 527 474 benevolentis}
540 442 747 484 significanda,
771 442 809 473 ad
828 444 890 472 Att.
905 442 1006 480 XIII,

115 489 146 518 9.
170 487 347 527 Utrumque
361 492 405 517 est
426 487 464 517 de
486 496 633 523 sermone,
654 486 708 527 qui
730 486 840 516 amoris
859 486 1010 526 officiique

114 530 207 570 plane
221 529 372 570 insignem
388 535 480 570 atque
495 530 671 560 inusitatam
687 528 938 570 significationem
954 529 1009 558 ha-

115 574 176 603 bet.
201 572 285 602 Nam
310 584 424 606 εκτενης
444 578 473 603 et
501 585 625 602 εκτενεια
645 572 763 612 insigne
784 577 813 601 et
836 571 1010 601 incredibile

119 615 274 656 quoddam
291 614 440 653 studium,
459 615 659 655 ardoremque
679 615 710 644 in
731 626 764 645 re
779 614 882 655 aliqua
898 614 1013 654 signifi-

119 663 198 688 cant.
219 658 263 688 Et
283 657 361 688 hanc
377 658 440 688 vim
459 658 572 688 habent
587 657 619 687 in
634 658 775 688 omnibus
798 657 882 694 locis,
899 657 1011 697 quibus

119 701 196 731 sacri
233 701 389 741 scriptores
419 701 466 730 usi
497 706 576 731 sunt.
611 700 688 730 Luc.
716 699 831 739 XXII,
857 701 908 731 44.
938 700 1010 731 Act.

120 743 202 781 XII,
219 746 249 773 5.
267 743 362 781 XVI,
380 744 410 778 7.
435 747 447 773 1
470 744 551 774 Petr.
569 742 597 781 I,
614 746 665 773 22.
682 743 743 780 IV,
759 745 788 773 8.

168 792 311 822 Εκτενεια,
335 788 447 824 proliaa
469 793 495 816 et
520 788 604 827 larga
628 787 719 816 studii
743 793 769 816 et
789 786 945 816 voluntatis
963 786 1013 816 de-

121 830 252 866 claratio,
269 829 307 859 ad
323 830 388 859 Att.
406 830 450 867 X,
472 832 519 860 17.

167 878 374 911 Εκτροποιμος,
399 880 506 902 remota
522 884 539 901 a
554 871 612 911 viti,
629 872 666 902 ad
682 871 750 902 Att.
765 871 847 909 XII,
867 872 915 902 12.
940 871 1013 901 Mo-

121 916 295 946 nimentum
310 914 381 944 filiae
396 915 511 946 Tulliae
523 921 676 945 exstruere
689 916 816 945 volebat.
842 914 927 945 Huic
943 925 1014 944 απο-

121 961 226 988 ἓεωσει
250 967 312 987 non
338 958 408 988 satis
428 965 532 999 aptam
551 959 679 998 putabat
701 957 845 995 insulam,
867 967 961 998 quam
981 957 1014 986 in

123 1001 242 1041 Arpino
264 999 374 1030 fluvius
397 1002 546 1031 Fibrenus
570 1000 716 1031 efficiebat
733 1000 784 1042 (de
809 1001 885 1040 Leg.
902 999 948 1037 II,
969 998 1012 1038 l.)

124 1043 207 1085 quod
230 1043 286 1073 iste
306 1043 390 1074 locus
405 1044 496 1075 nimis
521 1050 595 1074 esset
618 1054 636 1073 a
659 1044 709 1074 via
730 1043 854 1084 publica
868 1048 1013 1080 remotus,

124 1087 262 1127 adeoque
276 1095 337 1116 non
353 1093 429 1117 esset
443 1087 473 1117 in
498 1092 670 1127 conspectu,
687 1086 889 1126 celebrarique
906 1090 1014 1126 posset.

125 1130 224 1167 Nam,
243 1128 321 1159 hanc
339 1129 437 1170 ipsam
457 1131 496 1160 ob
515 1139 648 1166 causam,
671 1129 710 1158 ad
726 1129 789 1159 vias
810 1128 1017 1159 celeberrimas

126 1172 315 1203 monimenta
326 1173 462 1203 solebant
477 1178 629 1203 exstruere
639 1172 784 1209 Romani,
801 1178 836 1202 ut
851 1181 886 1201 eo
900 1170 1018 1201 facilius

125 1215 274 1246 memoria
296 1215 458 1246 hominum
480 1221 696 1256 propagaretur
719 1215 758 1244 ad
782 1223 926 1255 posteros,
947 1221 978 1244 et
1000 1224 1019 1243 a

126 1268 223 1299 quam
238 1257 378 1298 plurimis
390 1259 630 1299 conspicerentur
643 1269 651 1287 z
676 1257 758 1287 unde
769 1258 878 1287 verba:
905 1259 927 1274 ‘⁶
941 1256 1018 1287 Siste

130 1300 273 1341 gradum,
295 1300 391 1331 viator
401 1302 435 1336 ;''
459 1301 571 1341 quibus
591 1300 681 1330 hodie
701 1300 747 1329 uti
771 1309 831 1330 non
851 1299 932 1337 licet,
948 1309 1019 1329 cum

130 1343 319 1374 monimenta
342 1343 519 1383 hujusmodi
538 1343 610 1373 locis
626 1343 734 1373 clausis
748 1349 777 1373 et
792 1342 893 1383 septis,
910 1351 971 1372 non
986 1341 1019 1371 in

130 1386 181 1416 via
197 1386 278 1422 sint;
302 1392 337 1416 ut
351 1387 459 1417 merito
478 1386 611 1416 rideatur
631 1385 722 1416 etiam
745 1385 902 1419 doctorum
918 1384 1021 1415 homi-

131 1438 207 1459 num
223 1429 254 1458 in
270 1427 304 1459 85.
318 1439 350 1460 re
364 1429 484 1460 indocta
501 1431 668 1464 κακοζηλια.

177 1475 359 1509 Εκῶωνησις,
380 1473 493 1512 intepet),
519 1472 701 1510 exclamatio,
717 1477 806 1509 recte,
822 1471 957 1512 egregie!
982 1470 1021 1501 ad

134 1514 204 1546 Att.
222 1514 267 1551 X,
287 1518 314 1545 1.

180 1561 320 1598 Εκχυσις,
350 1556 465 1598 effusio,
493 1567 533 1587 sc.
558 1558 718 1595 radiorum,
750 1556 790 1587 ad
815 1557 884 1587 Att.
915 1555 963 1594 II,
990 1557 1020 1586 3.

134 1600 261 1631 Veteres
285 1600 366 1630 enim
386 1602 536 1641 putabant
560 1600 706 1631 visionem
726 1600 792 1630 fieri
814 1599 968 1630 radiorum
985 1609 1023 1630 ex

136 1643 231 1674 oculis
247 1643 413 1675 emissione.

181 1688 340 1724 Ελαπιζεν,
352 1686 434 1726 falso
448 1687 615 1722 ostentabat,
640 1687 812 1717 insolentius
821 1686 968 1725 jactabat,
983 1684 1023 1714 ad

137 1729 207 1759 Att.
225 1726 289 1767 IX,
308 1731 359 1761 13.
383 1728 420 1760 In
431 1729 496 1760 aliis
512 1729 580 1760 edd.
592 1735 637 1761 est
648 1731 813 1767 εσαλπιζειι,
831 1728 912 1769 quod
921 1727 1024 1759 defen-
