1122 1868
143 64 207 95 342
352 59 502 92 INDEX
531 60 815 93 HISTORICUS.

191 149 227 184 Q.
245 148 434 184 Postumius,
448 146 543 177 Dom.
559 150 611 176 44.
625 157 649 177 s.
661 147 772 188 potius,
785 153 820 178 ut
835 153 878 178 est
887 148 919 179 in
934 149 1035 190 prima

150 190 335 222 Manutiana
350 197 379 220 et
396 190 568 227 Graeviana,
588 190 624 225 Q.
641 191 733 220 Seius
751 192 927 222 Postumus.

189 236 242 273 Sp.
260 235 452 271 Postumius,
470 234 539 264 Sen.
556 236 604 262 12.
625 234 731 264 consul
745 243 816 264 cum
833 234 872 264 Τ.
890 235 1030 274 Veturio,

193 321 228 350 T.
249 320 440 356 Postumius,
465 319 554 349 Brut.
575 319 627 354 77.
651 320 749 350 bonus
773 325 883 357 orator,
904 321 1032 352 bellator

145 363 319 399 acerrimus,
333 363 409 402 juris
425 361 539 403 publici
551 362 759 402 peritissimus.
783 363 899 394 Praetor
914 363 973 394 fuit
987 365 1030 395 A.

147 407 219 437 696.
247 405 288 435 V.
307 406 480 436 Postumus.

188 450 437 486 Postumulenus,
454 448 492 478 ad
516 447 587 478 Div.
605 447 667 485 VI,
688 451 736 479 10.
759 458 926 489 cognomen
941 449 1032 480 fami-

148 491 198 522 liae
214 492 372 522 Romanae.

190 535 366 571 Postumus,
395 534 458 564 Att.
482 533 564 571 VII,
588 536 639 563 16.
664 533 690 563 ei
715 533 816 565 Sicilia
831 534 1000 565 decernitur
1015 547 1033 566 a

146 584 251 608 senatu
270 578 356 607 initio
371 578 443 607 belli
459 576 563 607 civilis.
599 576 751 607 Corradus
766 577 804 607 de
819 577 859 607 T.
874 577 1034 609 Postumio

147 621 300 660 intelligit,
317 620 354 650 de
369 630 430 660 quo
442 626 519 649 ante.
545 619 673 659 Pighius
685 619 723 649 ad
741 620 778 650 A.
797 621 869 651 696.

188 664 366 699 Postumus,
377 671 545 702 cognomen
556 662 764 699 Rabiriorum,
776 662 965 699 Curtiorum,
978 664 1036 695 διο.

189 706 330 743 Ροιατηο,
349 706 381 736 in
404 705 504 736 Caecil.
523 708 552 736 9.
576 705 672 736 scriba
688 704 729 743 Q.
747 706 861 736 Caecilii
875 707 1031 747 quaestoris

146 750 178 779 in
196 748 307 779 Sicilia.

188 792 225 821 P.
247 792 395 827 Potitius,
413 790 501 821 Verr.
518 790 565 828 II,
579 791 630 821 51.
647 797 774 822 senator.

187 835 364 871 Praecilius,
380 834 419 864 ad
435 834 508 864 Div.
524 833 624 871 XIII,
645 837 694 864 15.
710 840 796 875 pater
811 840 841 865 et
855 834 946 866 filius.

190 878 372 915 Pruriteles,
395 877 433 907 de
459 877 532 907 Div.
558 876 586 914 Ι,
610 878 662 907 36.
687 878 829 908 caelator:
854 878 908 908 ubi
932 884 1035 909 tamen

143 921 400 957 VVinkelmanno,
410 920 441 950 H
444 920 490 950 ist.
500 920 636 957 Artium,
649 931 678 960 p.
693 920 767 958 343,
777 921 942 961 legendum
952 922 1035 952 vide-

145 970 196 993 tur
219 964 376 994 Pasiteles.
397 963 470 993 ibid.
490 963 536 1001 II,
554 965 605 994 24.
631 963 796 993 Praxitelia
817 964 926 1004 capita.
952 964 1036 995 Lau-

143 1006 233 1037 datur
247 1014 391 1047 praeterea
410 1005 448 1035 ad
466 1006 600 1036 Herenn.
618 1005 678 1045 IV,
695 1007 725 1036 6.
741 1006 830 1036 Verr.
847 1006 888 1046 V,
905 1009 935 1037 2.
953 1008 1010 1038 &c-

188 1049 375 1087 Precionus,
391 1049 429 1078 ad
454 1048 525 1078 Div.
543 1048 623 1086 VII,
640 1050 669 1079 8.
696 1049 809 1086 JCtus,
834 1050 916 1090 apud
932 1050 1033 1081 Caesa-

145 1102 211 1122 rem
227 1093 386 1132 gratiosus,
402 1098 431 1122 et
447 1091 600 1122 Ciceronis
615 1092 739 1122 amicus.
775 1093 899 1123 Nomen
921 1092 1035 1124 indicat

146 1145 163 1165 e
177 1142 267 1176 gente
284 1135 389 1165 Preci&
404 1133 436 1164 in
452 1134 543 1164 aliam
559 1136 699 1165 transisse
714 1134 884 1175 adoptione.

188 1179 230 1208 L.
249 1178 383 1215 Pretius,
397 1177 485 1207 Verr.
502 1177 564 1217 VI,
582 1178 632 1207 62.
649 1188 740 1219 eques
756 1178 847 1208 Rom.
866 1178 1034 1219 negotiator

145 1221 391 1251 Panormitanus.

190 1264 353 1301 Procilius,
377 1263 446 1293 Att.
468 1262 529 1300 IV,
554 1263 603 1293 15.
631 1264 680 1293 16.
710 1274 778 1294 reus
805 1264 1032 1295 condemnatur.

146 1305 233 1337 Idem
250 1312 437 1337 memoratur
451 1305 490 1336 ad
509 1306 549 1344 Q.
566 1306 617 1336 Fr.
635 1305 681 1344 ΙΙ,
707 1308 736 1337 8.
763 1318 793 1348 q.
808 1308 829 1338 1.
855 1314 945 1348 negat
961 1308 1034 1339 Ma-

146 1349 251 1379 nutius
268 1349 431 1380 Prociliam
446 1348 596 1379 familiam
619 1359 703 1380 esse:
728 1350 791 1387 sed,
808 1350 933 1381 rectiora
948 1350 1035 1382 edoc-

147 1397 197 1422 tus
212 1393 250 1422 ab
271 1393 395 1428 Ursino,
416 1391 546 1421 mutavit
561 1391 631 1422 dein
651 1393 840 1424 sententiam.
864 1392 907 1424 V.
929 1394 1034 1424 Ursin.

145 1434 185 1463 ad
198 1436 263 1465 Att.
279 1435 301 1466 l.
317 1445 343 1466 c.
366 1434 439 1466 Fuit
451 1440 584 1476 quaestor
599 1433 640 1465 A.
651 1436 725 1475 692,
741 1436 882 1467 tribunus
896 1437 977 1478 pleb.
991 1436 1032 1467 A.

188 1521 360 1558 Procilius,
378 1520 445 1551 Att.
459 1519 505 1557 II,
523 1524 553 1551 2.
576 1520 745 1560 historicus,
763 1522 816 1563 qui
828 1523 927 1553 multa
942 1523 1037 1565 scrip-

147 1561 197 1600 sit,
213 1569 242 1592 et
259 1564 361 1594 Attico
376 1564 407 1593 in
420 1564 518 1604 pretio
532 1563 600 1594 fuit.
623 1564 664 1594 Ei
681 1564 785 1595 Cicero
799 1566 919 1606 praefert
935 1566 1038 1598 Dicae-

146 1604 273 1636 archum
285 1617 295 1642 3
312 1617 349 1636 ex
363 1616 423 1647 quo
434 1607 568 1647 colligas,
581 1616 652 1636 eum
662 1608 862 1649 geographica
877 1609 1036 1650 scripsisse.

147 1646 227 1685 Ejus
248 1649 362 1678 mentio
386 1649 477 1679 etiam
500 1649 583 1690 apud
604 1649 733 1680 Varron.
749 1650 786 1681 de
801 1651 839 1682 1..
861 1651 900 1682 L.
917 1651 978 1691 IV,
1005 1659 1034 1684 et

146 1688 228 1721 Plin.
240 1690 339 1729 VIII,
357 1694 384 1721 2.
404 1692 444 1722 V.
462 1693 550 1723 Voss.
567 1692 605 1723 de
621 1692 703 1724 Hist.
720 1693 790 1725 Lat.
807 1693 835 1732 1,
855 1694 904 1725 12.
