1137 1848
314 85 461 117 INDEX
486 84 769 117 HISTORICUS.
921 83 983 120 277

102 172 193 203 fratre
213 173 393 203 consobrino
417 171 540 202 functus
564 177 618 201 est.
654 170 776 202 Cluent.
806 172 856 201 49.
880 170 984 200 consul

102 226 172 246 cum
197 215 232 245 C.
250 215 364 253 Cassio,
388 224 468 245 anno
491 220 559 255 post
583 214 716 244 fratrem.
750 213 838 243 Verr.
863 212 927 249 ΙΙΙ,
953 214 984 242 8.

104 258 292 288 Macedonico
314 258 482 299 proconsul.
516 257 618 287 Pison.
638 258 686 287 19.
707 267 723 286 e
739 256 919 286 Macedonia
938 266 984 285 re-

102 311 204 330 versus
214 301 251 331 de
267 301 419 331 Dardanis
435 300 611 340 triumphat.
634 300 701 329 Att.
720 298 748 335 I,
769 300 817 328 18.
833 310 910 329 uxor
920 299 984 337 ejus

102 353 120 373 a
147 343 183 374 C.
200 344 353 374 Memmio
376 350 538 384 stupratur.
562 343 651 372 Brut.
668 343 719 371 62.
747 352 765 371 a
791 341 901 372 forensi
925 342 986 371 elo-

102 386 224 426 quenti&
237 387 343 416 abfuit.
356 387 450 416 Dom.
463 387 514 415 52.
532 385 608 415 Har.
620 385 712 425 Resp.
726 385 755 413 6.
769 385 824 414 ἃς.
838 385 984 424 pontifex.

101 429 170 459 Att.
187 428 286 467 XIII,
304 430 332 459 6.
349 430 465 470 legatus
481 428 590 458 fratris.
623 429 652 457 A
670 428 806 457 Varrone
826 427 985 467 adoptatus

101 477 164 507 θεῖς
189 473 269 502 unde
289 473 338 503 lex
353 471 561 510 frumentaria,
583 480 676 512 quam
697 480 766 500 cunr
785 468 887 500 Cassio
903 469 983 507 tulit,

103 514 246 545 Terentia
262 515 364 546 Cassia
379 515 497 544 dicitur.

146 558 336 596 Lupercalia,
353 557 433 588 Phil.
460 556 506 591 II.
523 560 575 587 33.
602 556 669 593 III,
686 558 714 585 5.
730 555 770 593 Q.
787 555 838 585 Fr.
864 554 909 593 II,
937 558 985 584 13.

102 601 247 630 sollennia
262 601 292 630 in
308 601 452 631 honorem
470 599 573 635 Panis,
589 608 692 629 mense
708 598 882 628 Februario.

146 644 289 682 Luperci,
305 644 389 673 Phil.
408 642 454 681 II,
476 644 526 672 34.
552 641 630 678 VII,
653 646 676 672 l.
695 642 770 672 Coel.
792 644 839 670 ll.
856 646 926 671 sunt
941 640 984 677 hi,

101 686 154 727 qui
170 686 350 727 Lupercalia
366 692 470 726 agunt.
497 685 569 715 Vid.
587 685 667 714 Phil.
685 684 734 721 ΙΙ,
749 684 769 713 1.
786 694 809 714 c.

145 730 262 767 Lupus,
280 730 353 759 Nat.
371 728 412 758 D.
431 729 458 765 I,
477 731 527 758 23.
544 737 708 768 cognomen
734 726 932 763 Rudliorum,
951 725 983 755 h.

100 772 121 801 1.
138 772 316 812 intelligitur
336 773 369 801 P.
386 771 522 801 Rutilius
538 771 657 811 Lupus,
674 769 727 810 qui
748 769 852 799 consul
867 768 925 798 fuit
941 770 984 798 A.

101 815 172 844 663.
197 814 373 845 Versiculus
389 820 432 844 est
455 823 471 843 e
486 813 615 849 Lucilio,
633 812 686 852 qui
706 822 775 842 eum
791 811 822 840 in
845 811 985 841 carmini-

100 858 157 887 bus
173 857 234 887 suis
250 857 355 887 acriter
370 856 552 897 perstrinxit.
576 855 616 884 V.
634 855 742 884 Horat.
768 855 798 884 S.
819 853 865 889 ΙΙ,
887 858 912 884 l.
931 854 981 883 68.

144 902 182 930 Ρ.
204 901 321 938 Lupus,
347 900 385 929 ad
411 899 482 928 Div.
502 898 527 936 l,
552 902 578 929 I.
604 898 673 927 trib.
692 898 733 938 pl.
758 897 939 927 Marcellino
955 902 984 926 et

101 943 245 983 Philippo
255 953 326 973 coss.
344 943 406 972 Att.
421 941 517 977 VIII,
535 945 580 971 12.
600 940 657 975 [X.
672 943 699 969 1.
716 946 835 981 praetor,
849 940 884 970 C.
898 940 931 969 M
938 949 985 968 ar-

100 986 175 1016 cello
191 992 220 1015 et
236 985 367 1015 Lentulo
382 995 454 1014 coss.
472 984 510 1014 ad
526 985 598 1014 Div.
616 982 678 1021 XI,
690 985 718 1012 5.
736 983 766 1011 6.
785 983 813 1016 7.
833 983 881 1011 12.
895 981 984 1011 fami-

98 1029 180 1058 liaris
201 1028 295 1058 Cassii
318 1034 347 1058 et
373 1027 472 1057 Bruti.
498 1027 627 1057 Videtur
642 1026 758 1066 legatus
778 1024 819 1054 D.
838 1025 929 1054 Bruti
944 1023 982 1054 ad

99 1071 257 1101 Mutinam
273 1070 374 1100 fuisse.
399 1070 460 1100 Hic
475 1075 530 1105 est,
548 1069 612 1110 qui,
638 1069 717 1098 bello
741 1067 820 1098 civili
837 1067 983 1108 Pompei-

98 1124 167 1151 ano,
192 1113 341 1144 Achaiam
359 1114 446 1153 jussu
463 1113 602 1153 Pompeii
624 1111 764 1142 obtinuit.
790 1109 866 1141 Caes.
888 1110 927 1140 Β.
945 1110 981 1140 C.

95 1156 162 1194 ΙΙΙ,
181 1160 231 1188 55.

140 1201 188 1230 M.
204 1201 319 1237 Lurco,
336 1209 373 1230 ex
385 1199 530 1236 Aufidiis,
548 1198 647 1229 Flacc.
662 1199 691 1227 4.
714 1197 782 1227 Att.
796 1195 825 1233 Ι,
846 1197 893 1226 16.
909 1195 978 1226 trib.

95 1242 138 1282 pl.
156 1243 265 1273 Pisone
291 1249 320 1273 et
342 1242 475 1273 Messalfi
501 1252 573 1272 coss.
592 1242 690 1281 legem
715 1240 752 1269 de
775 1239 891 1269 ambitu
911 1239 978 1268 fert.

98 1284 159 1315 Hic
180 1292 234 1322 est,
252 1286 316 1326 qui,
333 1297 348 1316 e
370 1295 523 1326 pavonum
540 1290 639 1325 pastu,
657 1293 748 1324 quen]
764 1282 880 1322 primus
895 1280 981 1310 insti-

98 1327 168 1363 tuit,
186 1329 246 1358 LX
264 1328 361 1358 millia
376 1327 537 1369 quotannis
553 1327 699 1366 redegisse
714 1325 822 1354 dicitur
838 1323 979 1360 Varroni,

98 1371 138 1400 R.
159 1371 199 1401 R.
223 1370 288 1408 ΙΙΙ,
308 1372 336 1401 6.
354 1380 542 1411 quamquam
558 1368 709 1400 Victorius
725 1377 785 1397 non
801 1367 891 1397 audet
905 1365 979 1397 defi-

95 1413 168 1443 nire.
193 1414 241 1444 Cf.
260 1415 340 1444 Plin.
357 1414 400 1450 X,
417 1414 468 1442 20.

139 1457 312 1496 Luscienus,
327 1457 392 1486 Att.
410 1455 488 1488 VII,
501 1458 530 1487 5.

140 1499 297 1537 Luscinus,
314 1500 424 1540 Agrar.
446 1498 491 1536 11,
516 1501 566 1529 24.
584 1503 627 1528 est
642 1497 678 1528 C.
694 1496 850 1528 Fabricius
869 1495 977 1526 Lusci-

94 1551 164 1579 nus,
182 1542 219 1572 de
234 1553 295 1583 quo
310 1543 341 1572 in
357 1543 388 1572 C.
404 1543 569 1573 Fabrrcius.

141 1587 173 1615 C.
196 1584 320 1615 Luscius
339 1586 441 1622 Ocrea,
459 1585 548 1615 Rosc.
565 1583 652 1614 Corn.
683 1585 732 1614 14.
747 1588 875 1614 senator.
898 1581 978 1621 Tog.

98 1627 195 1658 Cand.
212 1628 438 1659 condemnatur.

142 1671 178 1706 Q.
204 1669 352 1710 Lutatius,
369 1671 424 1703 Or.
443 1669 489 1710 ΙΙ,
506 1672 557 1701 41.
574 1668 660 1701 Phil.
674 1668 724 1707 ΙΙ,
742 1670 771 1698 5.
789 1669 844 1699 διο.
861 1667 900 1699 V.
919 1668 977 1698 Ca-

93 1713 182 1743 tulus.

136 1755 283 1796 (Clavis.)
704 1756 724 1784 2
736 1763 756 1784 Β
