1122 1868
146 79 210 109 346
355 78 505 111 INDEX
529 77 817 111 HISTORICUS.
844 106 852 112 .

150 170 200 194 tur
214 170 244 194 et
263 171 364 196 cantu.
387 166 461 196 Nat.
483 165 525 196 D.
542 166 572 204 Ι,
590 169 619 196 5.
645 176 750 196 eorum
783 166 807 184 “
822 166 894 204 Ipse
917 164 1031 195 darii?

148 207 186 237 de
201 208 317 239 Senect.
336 212 384 239 ll.
400 209 514 250 vesperi
534 215 781 245 commemorant,
805 208 880 249 quid
900 207 1031 238 interdiu

149 250 275 291 egerint,
291 252 450 291 audierint,
463 252 606 289 (fixerint,
623 253 680 282 διε.

194 293 322 334 Pythia,
340 295 445 325 Divin.
465 294 493 333 Ι,
516 295 562 326 19.
577 295 629 325 36.
655 304 722 326 eam
737 300 824 325 terrae
837 293 882 325 vis
903 292 1032 325 concita-

146 337 208 366 bat.

192 379 332 420 Pythius,
350 380 439 412 Offic.
457 380 525 418 ΙΙΙ,
546 384 593 411 14.
610 379 796 422 argentarius
813 380 1030 422 Syracusanus,

149 422 282 453 Canium
298 424 431 464 equitem
447 425 487 454 R.
504 424 710 454 circumvenit.

191 467 393 507 Pytlzodorus,
410 468 509 498 Flacc.
525 468 577 497 22.
593 467 778 497 Trallianus.

573 552 615 591 Q.

191 639 343 675 Querelce,
359 638 398 668 ad
410 638 483 669 Div.
494 639 557 677 VI,
574 638 603 668 6.
612 638 689 668 liber
700 637 839 675 Caecinae‚
854 636 1006 668 laudatur.

191 682 419 722 ρηὶηᾳῑιαῐνιιε,
436 682 474 712 ad
489 681 562 711 Div.
582 680 629 719 ΙΙ,
649 684 697 711 12.
714 680 795 717 XII,
812 682 863 711 25.
880 680 1027 711 sollennia

144 724 176 754 in
191 725 337 755 honorem
353 725 514 761 Minervae,
530 725 646 763 majora
660 734 763 754 mense
774 723 898 759 Martio,
914 723 1031 753 minora

148 767 255 798 Idibus
270 767 369 797 Junii.
393 768 434 797 V.
453 767 546 798 Ovid.
562 768 645 798 Fast.
660 767 722 804 VI,
739 767 811 797 651.

190 812 226 841 C.
243 811 428 849 Quintilius,
446 810 568 841 Cluent.
585 811 636 840 (32.
652 820 743 851 eques
758 810 891 841 Roman.
906 809 939 840 in
954 818 1026 849 agro

144 853 284 884 Falerno.

191 896 228 926 P.
248 897 424 932 Quintilius
440 897 551 934 ramis,
578 896 687 934 Quint.
706 895 756 931 17.
775 895 851 935 juris
867 894 962 926 civilis
975 904 1029 935 pe-

143 939 220 970 ritus
235 939 305 977 fuit,
332 946 367 970 ut
392 941 501 977 caeteri,
518 940 630 981 quibus
651 939 800 979 jungitur.
824 938 964 979 Pighius,
991 936 1032 967 ad

145 983 188 1013 A„
205 983 279 1019 660,
292 988 380 1024 putat
396 993 458 1013 esse
473 993 555 1019 eum,
572 983 626 1023 qui
645 983 677 1012 in
698 981 883 1012 Cluentianir
897 989 1029 1012 comme-

143 1032 289 1055 moratur.
314 1026 353 1056 V.
368 1026 400 1056 in
413 1027 452 1056 P.
472 1026 621 1062 Quintius
640 1024 751 1055 Tarus.

188 1070 271 1098 Sext.
290 1069 475 1105 Quintilius,
497 1080 527 1109 p.
544 1068 623 1099 Red.
640 1068 672 1098 in
688 1069 790 1098 Senat.
808 1069 838 1099 9.
853 1074 974 1109 praetor,
990 1066 1028 1096 P.

144 1111 278 1142 Lentulo
294 1112 454 1152 Spinthere
469 1112 599 1142 consule.

189 1156 222 1185 C.
249 1155 411 1191 Quintius,
429 1154 541 1192 Quint.
556 1155 586 1184 3.
605 1160 635 1185 et
653 1155 704 1185 49.
720 1153 812 1184 frater
838 1153 876 1184 P.
891 1152 1026 1191 Quintii,

141 1207 197 1238 pro
212 1207 274 1238 quo
289 1204 333 1227 est
348 1197 451 1228 oratio.

183 1241 222 1270 L.
243 1241 401 1278 Quintius,
416 1240 538 1270 Cluent.
552 1241 604 1276 27.
620 1240 733 1270 tribun.
743 1240 786 1281 pl.
800 1239 839 1269 L.
852 1238 1025 1269 Luculloet

142 1283 192 1313 M.
209 1283 300 1314 Cotta
323 1294 395 1314 coss.
412 1284 454 1313 A
471 1283 512 1313 U.
529 1284 602 1319 679,
619 1289 763 1324 patronus
781 1282 954 1323 Oppianici,
972 1280 1026 1321 qui

140 1326 333 1356 concionibus
370 1326 516 1356 invidiam
552 1326 667 1365 judicio
705 1326 729 1356 J
732 1335 844 1356 umano
878 1324 1029 1355 conflavit.

141 1369 231 1399 Brut.
248 1370 300 1399 62.
318 1369 349 1398 in
366 1369 557 1399 concionibus
567 1369 769 1399 turbulentus.
793 1368 881 1398 Idem
896 1367 1026 1404 videtur,

141 1412 207 1451 qui,
224 1412 292 1442 Att.
306 1412 335 1441 V
340 1411 385 1449 ΙΙ,
403 1414 434 1449 9,
451 1412 620 1452 appellatur
628 1411 785 1442 familiaris
801 1410 962 1441 Ciceronis.

185 1456 226 1484 L.
260 1455 410 1490 Quintius
438 1456 658 1490 Cincinnatus,
686 1455 802 1484 Senect.
827 1454 876 1483 16.
914 1452 1027 1483 Aranti

142 1497 312 1536 nuntiatur,
329 1509 399 1529 eum
415 1498 591 1528 dictatorem
607 1508 670 1528 esse
684 1497 810 1527 factum.
833 1496 911 1535 Ejus
924 1496 1023 1535 jussu,

140 1540 283 1580 magister
298 1542 437 1582 equitum
456 1541 490 1570 C.
513 1540 656 1571 Servilius
679 1541 732 1580 Sp.
754 1538 898 1569 Maeh'um
911 1538 1026 1569 interfi-

138 1588 187 1612 ext.

184 1627 288 1656 IVum.
308 1627 467 1662 Quintius.
484 1628 567 1658 Sext.
581 1627 632 1656 38.
653 1625 793 1656 tribunus
805 1625 903 1666 plebis
918 1623 1024 1656 Clodi-

137 1677 266 1698 anarum
288 1670 431 1710 partium,
459 1670 592 1700 Lentulo
607 1668 767 1709 Spinthere
783 1678 842 1698 cos.
868 1667 931 1697 una
951 1677 1022 1697 cum

139 1711 252 1742 Attilio
277 1714 414 1742 Serrano.
447 1712 522 1742 ibid.
545 1713 596 1742 33.
629 1722 700 1742 eum
734 1720 850 1747 omnoe,
879 1709 1024 1740 irridendi

138 1754 239 1792 causei,
264 1755 437 1786 Gracchum
459 1756 624 1791 vocabant3
648 1755 696 1785 vel
711 1753 793 1795 quod
807 1752 962 1795 popularis
976 1752 1021 1783 vi-
