1137 1848
231 66 384 98 INDEX
407 65 776 97 GEOGRAPHICUS.
908 66 946 102 71

62 151 175 193 oppido
194 151 328 183 Etruriae
349 153 428 183 inter
449 152 542 184 Veios
557 157 587 182 et
602 151 741 182 Tiberim
756 151 787 180 in
805 150 871 191 ripa
886 151 954 190 sito,

62 194 147 235 quod
163 195 245 236 apud
261 196 444 226 Frontinum
461 201 490 226 et
507 196 639 234 Capenas
653 194 774 231 dicitur,
791 205 821 234 p.
845 197 914 225 121.

106 238 255 276 Cupitino,
271 239 303 268 in
319 239 407 269 Verr.
426 238 486 274 IV,
503 239 558 275 43,
579 237 676 268 intell.
689 239 767 267 urbs.
801 238 954 276 Capitium

63 286 110 310 est
125 282 196 311 urbs
207 281 426 312 mediterranea
442 281 563 311 Siciliae.

110 322 303 363 Cappadocia,
317 324 354 354 ad
371 325 439 355 Att.
453 324 496 361 V,
518 327 567 360 18,
580 329 611 354 et
625 323 745 364 propria
757 323 893 363 quidem,
911 335 958 355 re-

63 365 116 406 gio
136 366 222 397 Asiae
243 367 321 398 inter
335 367 477 398 Taurum
499 372 529 398 et
543 367 759 403 Antitaurum,
784 366 958 408 propinqua

67 408 190 440 Ciliciae.

110 450 298 491 Carachium,
326 453 365 483 ad
387 454 477 484 Brut.
504 454 536 491 3,
559 453 641 483 locus
661 452 783 492 ignotus
807 452 958 485 veteribus

60 496 250 536 geographis,
264 502 294 526 et
302 496 425 537 reliquis
437 496 617 526 auctoribus.
636 495 765 526 Ursinus
777 500 805 524 et
823 494 961 529 Ortelius

65 537 265 576 conjiciebant
273 539 450 580 legendum,
465 539 704 580 Dyrrhachium.-
725 544 754 568 et
768 538 811 567 ita
825 539 960 578 postulat

65 590 114 621 ep.
130 590 266 622 sequens.

112 624 211 661 Car-za,
228 624 283 655 Or.
307 627 338 661 2,
364 625 446 666 regio
462 624 545 655 Asiae
563 624 705 661 Minoris,
731 635 749 654 a
771 623 833 665 qua
850 625 960 659 Caricae

65 665 222 704 dicuntur,
239 678 278 697 sc.
297 668 383 705 ficus,
402 668 483 708 quod
499 668 651 709 optimum
667 677 762 707 genus
778 673 831 698 est.

115 711 239 747 Carimr,
270 711 309 740 ad
335 711 377 749 Q.
402 711 454 741 Fr.
482 711 529 749 ΙΙ,
555 711 588 747 3,
618 710 702 740 locus
728 710 812 740 urbis
838 710 959 749 Romae,

67 752 121 782 ubi
146 751 252 783 Cicero
276 753 354 784 aedes
377 753 508 784 habebat
523 755 562 784 ab
577 753 640 784 avis
665 753 840 784 haereditate
857 764 962 796 accep-

67 800 123 825 tas.

114 839 242 876 Cum-teia,
259 839 297 869 ad
312 839 380 870 Att.
398 839 475 875 XV,
498 840 551 875 20,
568 840 640 869 urbs
657 839 817 880 Hispaniae
837 840 961 873 Baeticae

63 880 105 911 ad
120 883 363 922 promontorium
378 881 518 922 Calpen,
536 882 573 912 de
585 882 648 922 qua
663 882 723 912 vid.
741 882 852 912 cellar.
865 883 903 914 G.
915 886 958 914 A.

69 924 109 954 T.
122 925 150 961 Ι,
167 936 198 965 p.
217 926 270 961 (js),
296 936 362 966 sqq.
396 925 444 955 De
469 926 534 964 ejus
558 925 618 955 situ
643 924 799 964 disputant
818 926 961 968 Hispani.

68 967 285 1008 Wesselingio,
302 968 341 998 ad
355 968 433 998 Ant.
451 967 523 998 Itin.
535 979 566 1009 p·
586 968 661 1005 407,
674 968 793 998 videtur
802 978 875 1005 esse,
892 981 962 1011 quae

69 1010 159 1041 hodie
172 1011 338 1041 Rocadiltn.

115 1054 287 1092 Casilinum,
306 1053 345 1084 ad
370 1054 439 1084 Att.
454 1053 550 1089 XVI,
576 1054 608 1089 8,
628 1054 700 1084 urbs
715 1053 779 1094 agri
796 1053 960 1096 Campani,

68 1096 187 1127 colonia
205 1097 347 1127 Romana
361 1097 401 1127 ad
417 1097 630 1128 Vulturnum:
656 1097 737 1126 unde
760 1098 961 1139 Casilinenses,

69 1139 109 1170 de
126 1138 244 1170 Invent.
261 1140 310 1177 II,
328 1143 379 1172 51.

116 1183 246 1218 Casinas,
262 1183 373 1223 Agr-ar.
391 1182 439 1219 II,
456 1186 510 1219 26,
528 1183 595 1221 ΙΙΙ,
607 1183 640 1220 3,
653 1193 725 1223 ager
734 1182 811 1214 eirca
824 1183 964 1216 Casinum

70 1225 219 1266 oppidum
235 1226 317 1256 Latii
333 1226 364 1255 in
377 1226 504 1256 Volscis.

119 1270 214 1300 Cassia
232 1271 289 1306 via,
307 1268 442 1310 Philipp.
460 1269 545 1305 XII,
573 1270 604 1304 9,
625 1279 679 1309 per
693 1269 826 1300 mediam
842 1271 965 1302 Etruri-

72 1322 124 1342 am
148 1311 297 1347 ducebat3
320 1312 422 1342 media
445 1311 523 1342 inter
538 1312 725 1342 Flaminiam
746 1318 776 1342 et
790 1314 963 1345 Aureliam.

73 1353 198 1385 Nomen
217 1355 309 1385 habet
323 1365 341 1384 a
358 1356 465 1391 Cassio,
481 1355 642 1391 incertum,
658 1365 729 1395 quo.

121 1399 256 1428 cassinas
282 1397 408 1433 fundus,
426 1397 562 1438 Philipp.
580 1397 626 1434 ΙΙ,
650 1399 703 1435 40,
730 1398 780 1429 Μ.
806 1399 965 1439 Varronis,

75 1440 113 1470 de
128 1450 189 1481 quo
204 1440 264 1470 vid.
281 1440 318 1470 de
334 1441 375 1470 R.
391 1441 431 1470 R.
449 1439 514 1477 ΙΙΙ,
532 1442 564 1477 5,
587 1451 681 1481 prope
699 1442 859 1479 Casinum5
884 1445 967 1475 unde

79 1485 196 1514 Casinas
212 1488 241 1513 et
257 1485 388 1514 cassinas
408 1483 451 1513 fit.
485 1484 685 1523 Quamquam
702 1489 731 1514 et
753 1486 894 1523 Cassium,
911 1498 967 1528 pro

77 1527 228 1563 Casinum,
252 1526 406 1557 invenitur
431 1537 480 1567 ap.
506 1526 642 1556 Frontin
668 1526 689 1556 1.
705 1537 731 1557 c.
756 1538 786 1568 p.
808 1531 888 1559 134:
912 1540 969 1571 pro

76 1580 138 1611 quo
154 1574 256 1599 tamen
267 1569 344 1600 forte
356 1569 521 1609 legendum
539 1570 698 1599 cassinum.

124 1613 336 1643 Castulonensis
356 1613 461 1648 saltus,
481 1612 519 1642 ad
542 1611 614 1642 Div.
629 1612 673 1651 X,
694 1613 747 1647 38,
767 1613 799 1643 in
817 1614 970 1656 Hispania.

76 1655 297 1686 Tarraconensi
306 1665 400 1696 prope
414 1656 522 1686 urbem
540 1656 720 1686 Castulonem
735 1656 774 1687 ad
785 1657 865 1698 ripas
875 1659 970 1690 Baetis

73 1705 174 1729 sltarn.

123 1742 240 1779 Cutina,
257 1741 289 1772 in
305 1741 394 1773 Verr.
415 1741 482 1778 ΠΙ,
501 1742 554 1781 75,
565 1742 638 1773 urbs
650 1742 777 1774 Siciliae:
794 1744 876 1776 unde
893 1747 973 1777 Culi-
