1137 1848
320 54 469 86 INDEX
492 53 780 87 HISTORICUS.
932 55 993 85 311

153 143 201 172 M.
229 141 366 172 Octavius
384 140 516 172 Caecina.
540 141 629 171 Brut.
652 144 703 171 25.
728 141 842 171 tribun.
867 140 910 181 pl.
926 151 997 171 cum

108 186 181 216 Tib.
193 184 339 221 Graccho,
354 184 439 224 eique
451 183 626 213 adversatur
638 184 669 213 in
682 184 850 220 tribunatu,
867 190 896 213 et
907 190 975 224 post
987 195 996 214 :

110 229 164 259 ubi
179 239 207 258 v.
227 227 407 258 Corradum.
430 227 473 257 N.
488 226 530 256 D.
546 226 576 264 I,
593 227 644 256 38.
666 227 692 256 ei
713 228 875 266 abrogatur
898 227 997 257 tribu-

112 276 202 302 natus
216 281 234 300 a
248 270 393 300 Graccho.

104 307 107 313 ¹
154 314 201 343 M.
220 314 370 351 Octavius,
389 311 448 343 Cn.
465 312 502 342 F.
520 312 660 352 (aequalis
678 311 715 342 L.
732 318 760 342 et
777 311 824 341 M.
842 311 994 351 Luculli.)

110 357 200 387 Brut.
217 357 268 385 62.
291 356 389 396 legem
413 355 643 385 frumentariam
668 355 878 394 Semproniam
909 357 1000 385 abro-

110 400 203 440 gavit.
226 399 257 429 A
273 399 383 429 forensi
404 397 577 438 eloquentia
592 398 700 428 abfuit.
725 398 788 428 Off.
806 397 852 433 ΙΙ,
870 401 921 428 21.
937 398 998 427 lar-

111 443 185 483 gitio
209 443 273 480 ejus
292 441 411 471 modica
426 447 455 471 et
475 441 547 482 reip.
564 440 737 478 tolerabilis,
758 448 787 471 et
801 441 883 481 plebi
898 451 999 471 neces-

112 486 189 515 saria
203 484 271 515 fuit.
288 484 329 515 V.
346 487 440 524 Leges
455 485 682 514 Frumentariff.

158 527 206 557 M.
232 528 374 558 Octavius
402 526 514 566 Ligur.
543 526 631 557 Verr.
648 526 694 564 II,
720 527 772 558 48.
792 526 862 556 trib.
889 527 931 568 pl.
956 527 999 557 A.

115 571 189 607 672.
204 570 296 601 frater
311 570 350 600 L.
366 569 487 600 Octavii
504 570 637 610 Liguris.

160 616 209 645 M.
228 614 374 650 Octavius,
393 612 451 643 Cn.
468 613 504 642 F.
522 613 570 642 M.
587 613 630 642 N.
653 612 691 643 ad
706 612 778 643 Div.
796 611 860 646 ΙΙΙ.
878 615 908 641 4.
934 612 1001 653 Ap-

113 657 157 698 pii
173 656 298 687 Pulchri
312 656 429 696 legatus
450 661 503 685 aut
517 655 685 696 praefectus.
708 656 746 685 ad
763 655 834 686 Div.
852 655 952 691 VIII,
970 659 1000 686 2.

113 700 190 741 petit
204 699 377 729 aedilitatem
400 708 470 728 cum
488 697 593 729 Coelio.
617 698 749 728 Minime
764 699 912 738 gratiosus
934 698 1003 729 fuit.

115 743 181 773 Att.
206 742 249 780 V,
273 743 326 772 21.
348 741 443 772 aedilis
463 741 586 780 curulis,
607 740 655 771 M.
679 741 827 772 Marcello
850 749 878 772 et
900 742 1004 772 Servio

115 785 251 827 Sulpicio
266 796 339 816 coss.

162 830 211 860 M.
231 828 379 864 Octavius,
404 827 485 857 Phil.
510 826 571 865 XI,
589 831 618 858 2.
635 826 758 857 Marsus
784 827 921 868 quidam,
943 837 1005 868 quo

119 870 282 901 Dolabella
294 871 395 912 legato
410 881 483 901 usus
497 876 541 900 est
554 871 586 899 in
603 870 690 911 Syria
706 870 854 900 vexanda.

162 916 201 944 P.
221 915 356 944 Octavius
370 915 495 951 Balbus,
509 912 631 944 Cluent.
641 916 693 943 38.
711 920 827 943 senator
840 913 916 951 juris
928 912 1006 954 peri-

118 957 261 988 tissimus.
286 957 410 993 Vereor,
434 966 472 986 ne
495 956 527 986 in
550 956 735 998 praenomine
759 956 868 986 vitium
894 956 943 995 sit,
969 957 1005 987 P.

118 1011 174 1041 pro
189 1002 229 1030 L.
246 998 318 1029 Vid.
337 1003 376 1032 L.
390 1000 537 1029 Octavius.

164 1044 303 1073 Octavius
319 1042 486 1079 Mamilius,
502 1042 571 1072 Att.
588 1041 651 1079 IX,
670 1044 718 1073 10.
734 1052 752 1072 a
768 1041 938 1082 Tarquinio
954 1052 1006 1072 ex-

117 1087 206 1127 pulso
217 1091 319 1116 contra
328 1085 463 1116 Romam
479 1084 626 1115 excitatur
640 1096 648 1115 :
666 1085 703 1116 de
715 1095 776 1126 quo
791 1084 850 1115 vid.
867 1084 1004 1123 Livium,

122 1129 168 1167 ΙΙ,
189 1132 236 1159 18.
253 1139 265 1159 s
311 1150 318 1158 .

168 1139 308 1211 OErlipicclsc}
322 1171 390 1201 Fat.
410 1173 459 1202 13.
474 1171 531 1201 &c-
545 1170 616 1201 Laii
631 1170 722 1202 filius.

168 1217 289 1254 OEneus,
308 1214 402 1244 Tusc.
418 1214 482 1252 Qu.
500 1213 548 1251 II,
566 1215 595 1243 8.
613 1213 769 1244 De'sanirae
783 1219 878 1253 pater.

166 1260 337 1295 OEnomHus,
354 1257 392 1288 ad
408 1257 480 1287 Div.
499 1256 563 1295 IX,
584 1260 632 1287 16.
649 1257 744 1287 Tusc.
758 1255 823 1295 ΙΙΙ,
838 1260 887 1288 12.
902 1256 1007 1287 fabula

119 1301 216 1333 Accii.

166 1345 202 1374 A.
229 1340 354 1382 Qffilius,
382 1342 421 1372 ad
447 1342 520 1373 Div.
544 1341 623 1378 VII,
652 1344 704 1372 21.
731 1343 797 1373 Att.
825 1341 928 1380 XIII,
953 1343 1006 1374 37.

119 1388 234 1422 JCtus,
251 1386 337 1424 cujus
357 1385 448 1415 etiam
469 1386 622 1426 Ulpianus
642 1386 828 1416 mentionem
842 1385 925 1423 facit,
950 1384 1009 1415 Di-

119 1436 193 1471 gest.
219 1429 280 1459 LV
283 1450 292 1465 ‚
322 1430 348 1458 1.
371 1428 421 1458 De
446 1439 480 1458 eo
504 1428 565 1459 vid.
585 1428 782 1460 Dodwellum
805 1428 837 1458 in
861 1428 1007 1469 Append.

119 1473 209 1504 Prael.
228 1471 377 1502 Camden.
393 1482 424 1511 p.
437 1472 509 1502 780.

164 1515 300 1558 Ofillius,
324 1514 363 1544 ad
390 1514 464 1544 Div.
489 1514 585 1551 XVI,
611 1515 663 1544 24.
689 1514 817 1546 creditor
843 1513 1006 1544 Ciceronis.

106 1559 213 1592 ‚Forte
228 1558 309 1587 idem
327 1567 396 1587 cum
412 1557 609 1597 praecedente.

163 1602 283 1637 Oileus,
308 1599 401 1630 Tusc.
420 1599 486 1635 ΙΙΙ,
503 1601 555 1630 29.
571 1598 676 1639 Ajacis
691 1605 784 1640 pater.

164 1644 338 1684 Olympias,
366 1643 439 1672 Div.
466 1641 493 1678 Ι.
521 1644 572 1672 23.
596 1643 712 1683 peperit
737 1642 948 1674 Alexandrum
973 1642 1009 1672 ea

118 1693 215 1724 nocte,
237 1686 299 1727 qua
327 1685 437 1715 Diana?
464 1685 604 1726 Ephesiae
631 1686 780 1726 templum
803 1685 1008 1725 conflagravit.

119 1730 286 1770 Magorum
303 1728 339 1759 de
356 1729 390 1759 ea
407 1739 438 1759 re
454 1738 639 1769 respons-uni.
