1137 1848
279 79 430 113 INDEX
451 78 849 111 GRAE00-LAT1NUS.
945 79 1006 115 473

163 173 246 207 Παρα
270 168 360 207 λεξιν,
380 171 481 197 contra
495 166 613 206 proprie
635 166 770 206 loquendi
790 167 942 205 racionem,
964 165 1003 196 ad

116 210 182 240 Att.
198 209 295 247 XVI,
311 211 340 240 4.

159 258 355 293 Παραπηγμα,
377 253 443 282 Att.
459 251 502 289 V,
525 251 574 281 14.
597 257 642 281 est
664 251 768 282 tabula
790 261 943 293 suspensa,
966 250 998 281 in

113 295 176 336 qua
190 295 285 326 notati
299 302 370 325 sunt
383 295 477 332 horae,
493 293 568 332 dies,
585 294 718 334 eclipses,
739 301 767 324 et
782 295 904 331 similia,
919 300 954 324 ut
968 293 1000 323 in

111 348 282 378 gnomone:
306 338 336 368 h.
352 339 373 368 l⁴
391 343 435 368 est
455 348 721 376 παραπτεωαυσιον,
736 337 951 368 Calendarium
966 336 998 367 in

114 382 226 422 pariete
241 382 368 412 affixum
383 387 413 411 et
427 389 617 420 suspensum.

155 429 237 464 Παρα
263 424 443 464 προσδοκιαν,
464 429 573 461 ρι·(ειεν
595 424 837 461 exspectationem,
861 423 900 454 ad
922 422 998 454 Div.

110 466 191 503 VII,
215 468 267 497 32.
290 477 386 508 genus
408 465 537 503 ridiculi,
560 465 598 495 de
620 476 680 506 quo
702 466 722 495 1.
741 465 774 495 ΙΙ
797 466 835 497 de
856 466 996 506 Oratore,

110 519 136 540 c.
155 511 206 540 63.

153 559 236 593 Παρα.
266 564 317 587 την
346 555 486 592 ici-optma,
517 559 628 590 praeter
664 552 822 591 historiam,
859 551 897 583 ad
925 552 995 583 Att.

110 595 211 632 XIII,
238 597 285 626 10.

153 644 237 678 Παρα
248 651 280 668 το
291 650 408 678 πρεπον,
419 644 530 676 Ρτίείεν
540 639 685 671 decorum,
700 638 738 668 ad
747 636 814 668 Att.
828 638 930 676 XIII,
944 641 994 669 16.

153 683 361 720 Παραῲυλαξον
377 693 426 714 την
443 693 491 710 του
508 691 630 720 <pultare-a
648 685 814 719 φιλοτιμιαν
832 693 993 720 αυτοτατα,

105 725 220 754 observa
243 725 451 753 comum-balmis
473 725 627 753 Philotimi
645 725 784 753 actionem
806 735 890 763 quam
910 735 993 754 max-

106 778 173 803 mze,
193 767 231 796 ad
246 768 314 797 Λα.
331 766 391 805 VI,
402 768 431 797 9.
454 766 542 797 Conf.
558 766 678 797 adrAtt.
695 765 774 805 VII,
795 769 821 797 1.
837 772 867 796 et
881 767 941 797 vid.
957 767 989 797 in

110 818 250 849 Φυρατης.

150 858 389 893 Παρεγχειρησις,
406 854 511 882 molitio
527 854 557 882 in
573 853 665 882 alieno
685 862 777 890 opere,
791 862 862 883 cum
877 851 986 883 falcem

101 896 133 925 in
146 896 274 925 alienam
287 898 333 929 (ut
345 894 444 934 aiunt)
457 905 584 925 messem
596 895 801 931 immittimus,
812 900 857 932 ut,
865 895 916 929 (de
925 905 987 936 quo

102 945 146 969 est
161 939 191 968 h.
208 939 243 975 l.)
264 948 334 968 cum
346 938 516 975 scribimus,
529 938 566 968 de
586 949 646 978 quo
662 939 738 968 alius
754 938 870 978 scripsit
884 949 893 974 ;
915 949 985 979 quae

101 993 325 1021 παρεγχειρησις
348 986 425 1011 recte
449 981 664 1011 contumeliosa
685 981 805 1018 dicitur,
820 981 902 1022 quod
921 991 984 1012 rem

99 1025 137 1053 ab
150 1034 184 1053 eo
194 1033 253 1053 non
266 1030 401 1054 accurate
413 1024 553 1064 scriptam
565 1024 651 1054 nobis
661 1023 754 1054 viden'
768 1023 984 1064 significamus.

100 1067 139 1096 ad
154 1068 222 1096 Att.
239 1066 316 1102 XV,
334 1069 363 1096 4.

144 1110 433 1148 Παρεμὸεβλημενοι,
450 1111 548 1138 inserti
566 1109 684 1147 fraude,
697 1110 857 1148 subdita-ii,
877 1111 981 1150 spurii,

98 1158 132 1182 ut
146 1162 248 1182 versus
263 1152 294 1181 in
310 1152 417 1192 poecis,
432 1153 487 1182 &c-
505 1152 544 1182 ad
560 1152 630 1182 Div.
650 1152 711 1190 IX,
732 1154 779 1183 10.

142 1196 217 1233 Παρ’
230 1206 320 1232 εμοιγε
340 1207 385 1223 και
398 1200 497 1229 anmi,
518 1197 556 1224 Oi
566 1208 596 1224 κε
613 1209 649 1233 με
667 1208 734 1233 τιμη
742 1208 832 1232 :rouo-1,
843 1201 980 1233 μαλιστα

98 1238 123 1267 δε
141 1249 268 1275 μητιετα
281 1241 359 1273 Ζευς,
372 1238 449 1276 apud
469 1247 513 1266 ‘me
527 1249 594 1268 sane
609 1239 703 1268 etalii
717 1245 795 1275 sunt,
811 1240 861 1277 qui
872 1248 916 1268 me
929 1239 980 1268 ho-

96 1282 252 1316 norabunt,
268 1281 387 1309 maxime
402 1286 497 1309 antem
518 1282 700 1310 consiliarius
716 1284 781 1318 (sen
795 1282 912 1311 consilio
927 1292 979 1311 va-

93 1326 165 1360 lens)
189 1324 320 1364 Jupiter,
342 1322 382 1352 ad
402 1322 474 1353 Div.
506 1321 571 1361 111,
593 1324 623 1358 7.
648 1334 686 1354 ex
706 1324 802 1354 Hom.
826 1323 916 1355 Iliad.
940 1330 976 1363 A,

141 1409 211 1448 [Iocp’
227 1421 378 1446 ηνεμοεντα
393 1412 529 1447 Μιμαντα
545 1420 626 1443 mareu
643 1422 688 1438 επι
703 1414 818 1449 Ψυρίης,
837 1409 975 1451 Appiam

95 1452 137 1481 εντ’
153 1451 279 1490 αριστερ’
297 1463 411 1492 ezei-roc,
433 1452 469 1481 ad
484 1459 629 1482 ventosum
644 1453 817 1482 Blimantcm
832 1454 863 1482 in
877 1453 974 1483 insulsi

94 1493 217 1534 Psyrici,
234 1494 360 1532 Appiam
372 1493 490 1524 sinistra
505 1495 663 1532 habentem,
678 1495 717 1526 ad
731 1495 799 1525 Att.
814 1495 910 1533 XVI,
929 1500 975 1528 13.

91 1537 253 1568 Auuditur
268 1536 306 1566 ad
326 1537 427 1566 locum
444 1537 583 1574 Homeri,
608 1537 720 1579 Odyss.
745 1543 776 1575 Γ,
806 1541 875 1574 171,
901 1542 973 1571 172.

92 1580 218 1620 Ulysses
239 1589 310 1609 cum
330 1579 415 1609 sociis
434 1580 579 1610 deliberat
598 1581 635 1611 de
650 1581 839 1621 navigatione
852 1582 974 1612 institu-

90 1623 179 1661 enda,
196 1630 300 1652 utrum
323 1633 414 1663 supra
430 1622 544 1653 Chium
567 1623 698 1664 dirigant
719 1634 852 1663 cursum,
874 1624 917 1655 ita
939 1631 975 1656 ut

89 1676 215 1706 parvam
242 1665 374 1695 insulam
405 1665 555 1706 Psyriam,
586 1677 655 1707 quae
677 1672 720 1697 est
742 1676 803 1697 non
828 1668 932 1708 procu]
956 1679 974 1699 a.

90 1708 180 1746 Chio,
208 1718 226 1737 a
240 1707 365 1738 sinistris
386 1708 528 1747 habeant,
552 1719 591 1739 an
606 1720 675 1740 vero
696 1709 776 1740 infra
791 1710 918 1748 Chium,
939 1717 975 1742 ut

89 1758 247 1782 ventosum
263 1750 448 1782 Mimantem
463 1752 726 1793 praetervehantur.
750 1753 904 1825 {uadebat
918 1753 970 1785 Ci-

678 1797 698 1825 2
715 1804 730 1825 s
751 1797 758 1805 ¹
