1122 1868
139 79 201 109 332
353 76 502 108 INDEX
526 76 810 109 HISTORICUS.

140 175 241 195 merus
266 166 419 195 obscurus.
440 164 495 195 Or.
523 165 573 193 20.
593 165 658 202 ejus
678 164 769 194 dictio
792 174 844 194 cur
870 164 1024 195 nonnullis

138 211 248 248 po'e‘ma
271 207 416 238 videatur.
440 207 504 238 Off.
537 207 565 243 Ι,
594 208 644 236 44.
671 206 803 237 Dionem
827 207 1022 245 Syracusium

137 251 276 281 instituit.
301 250 366 281 Att.
394 249 493 287 XIII,
520 254 571 280 21.
590 250 659 279 libri
683 251 746 289 ejus
772 251 810 280 ab
834 250 1023 280 Hermodoro

139 294 311 334 vulgantur.
346 293 453 323 Rabir.
484 293 566 323 Post.
597 294 626 323 9.
651 294 716 332 ejus
742 293 911 334 perieulum
941 292 1024 334 apud

138 337 333 377 Dionysium.

181 382 278 418 Plato,
296 378 469 415 Sardianus,
486 378 524 408 ad
540 378 580 416 Q.
598 379 650 408 Fr.
669 377 696 416 Ι,
710 382 739 409 2.
757 380 786 408 4.
800 379 979 419 Epicureus.

182 425 295 460 Plator,
320 422 421 452 Pison.
439 424 489 453 34.
509 421 585 450 Har.
604 422 695 462 Resp.
717 424 763 452 15.
780 421 1022 462 Dyrrhachfflus,

138 476 156 496 a
171 466 210 496 L.
230 466 339 496 Pisone
354 465 437 495 venis
453 464 553 494 incisis
573 464 755 502 interfectus,
772 465 893 505 accepta}
908 475 926 494 a
942 465 1024 505 Dyr-

137 509 289 539 rhachinis
309 507 447 549 pecunia.
474 507 601 537 Nobiles
625 507 654 536 in
680 507 863 537 Macedonia
879 508 1024 537 Platores.

137 550 222 581 Inter
259 551 349 582 duces
385 549 521 591 Phihppi
550 549 627 590 regis
659 556 703 580 est
733 550 847 588 Plator,
877 561 926 591 ap.
956 550 1026 581 Liv.

139 593 308 631 XXVIII,
325 595 355 623 6.

178 639 220 667 A.
241 638 393 673 Plautius,
413 636 452 665 ad
468 635 542 665 Div.
559 634 659 672 XIII,
676 636 727 666 29.
743 641 852 676 praetor
866 636 1024 677 Bithyniae

135 685 165 710 et
181 680 283 717 Ponti,
300 684 342 710 A.
358 680 400 709 U.
414 680 486 713 705.
503 678 622 708 Caesare
639 677 673 707 ΙΙ
688 679 817 709 consule.

181 723 317 760 Plautus,
334 725 435 763 po'e'ta,
451 721 540 752 Offic.
560 721 588 757 Ι,
610 723 662 752 29.
678 721 716 751 ad
728 721 893 760 jocandum
908 723 1023 752 urbane

136 772 166 796 et
180 766 333 806 ingeniose
349 770 447 805 aptus.
470 765 559 794 Brut.
577 767 625 795 15.
644 764 766 804 quando
780 770 918 795 mortuus
933 765 980 795 sit.

180 810 320 845 Plautus,
348 809 415 837 Att.
442 808 471 845 Ι,
504 808 550 837 16.
571 807 667 846 judex
688 807 719 837 in
737 807 851 846 judicio
872 808 972 838 Clodii
987 808 1024 838 de

134 851 224 882 sacris
251 851 367 882 violatis
393 851 446 888 rei,
473 850 600 880 absolvit
626 849 781 881 Clodium.
808 850 938 881 Videtur
962 861 1023 881 non

136 905 253 931 verum,
271 895 323 925 sed
338 894 444 924 fictum
460 893 499 923 ad
515 893 742 931 contumeliam,
767 903 877 923 nomen
894 904 964 924 esse.
980 894 1020 924 V.

137 937 267 967 casaub.
283 937 322 967 ad
337 937 368 966 h.
385 936 406 966 1.
430 936 520 966 Forte
540 936 583 966 ita
597 936 730 977 appellat
748 936 916 966 Lentulum
933 937 1021 975 Crus,

135 991 228 1020 quem
249 981 328 1010 inter
348 979 464 1019 judices
479 984 595 1010 constat
614 979 717 1017 fuisse,
739 979 793 1020 qui
809 979 955 1011 Clodium
969 982 1021 1011 ab·

134 1023 298 1053 solverunt.

177 1066 343 1103 Piera-ates,
369 1065 432 1096 Pis.
459 1066 512 1096 34.
544 1064 686 1103 Macedo,
718 1064 849 1096 Platoris
880 1066 933 1106 (de
961 1076 1021 1107 quo

133 1108 217 1147 ante)
237 1118 350 1145 comeS,
367 1118 438 1139 cum
462 1119 497 1139 eo
512 1108 684 1139 interfectus
705 1108 792 1147 jussu
808 1108 937 1139 Pisonis.
960 1110 1022 1140 Re-

130 1152 222 1192 gulus
238 1152 396 1182 Pleurates
411 1158 456 1182 est
471 1162 520 1192 ap.
537 1151 606 1181 Liv.
623 1150 772 1188 XXVII,
789 1153 841 1182 30.

172 1195 213 1224 A.
242 1196 362 1225 Plotius
389 1196 533 1232 Silvanus,
560 1194 664 1224 Plane.
690 1196 720 1225 7.
746 1194 920 1224 aedilitatem
947 1204 1019 1224 cum

130 1236 188 1267 Cn.
207 1237 336 1269 Plancio
357 1238 442 1278 petit.
466 1238 532 1267 Att.
550 1237 592 1275 V,
622 1240 669 1268 15.
691 1242 812 1277 praetor,
829 1237 978 1267 Marcello
993 1243 1022 1268 et

128 1281 263 1321 Sulpicio
279 1291 352 1311 coss.
382 1280 474 1310 Forte
489 1279 570 1310 idem
585 1286 629 1310 est
645 1290 715 1310 cum
730 1289 764 1310 eo
778 1280 832 1321 qui
846 1280 938 1321 paulo
953 1286 1021 1321 post

130 1323 312 1364 Bithyniam
327 1323 469 1354 obtinuit.
492 1323 534 1354 V.
550 1324 592 1353 A.
610 1324 759 1354 Plautius.

131 1407 148 1438 f
173 1367 206 1396 C.
235 1367 363 1405 Plotius,
386 1366 486 1397 Flacc.
514 1367 566 1397 21.
596 1372 726 1405 senator,
753 1367 870 1407 legatus
890 1366 923 1397 in
946 1365 1020 1397 Asia

146 1408 200 1438 uit.

170 1451 203 1481 C.
221 1453 347 1491 Plotius,
371 1452 441 1483 Fin.
464 1451 510 1490 11,
541 1455 588 1483 18.
606 1452 772 1491 Nursinus,
795 1462 887 1493 eques
902 1451 1018 1483 Roma-

129 1502 196 1524 nus.

169 1537 210 1566 L.
229 1537 356 1575 Plotius,
373 1537 468 1569 Arch.
484 1540 513 1569 9.
530 1539 620 1580 poeta
637 1537 674 1569 C.
693 1538 796 1569 Mario
808 1537 973 1578 jucundus.

169 1580 254 1618 Pola,
279 1581 409 1619 Servius,
426 1582 465 1612 ad
481 1581 554 1612 Div.
570 1580 670 1620 VIII,
688 1584 738 1611 12.
755 1587 917 1612 accusator.

168 1623 284 1661 Paleas,
309 1623 396 1654 Verr.
414 1624 457 1662 V,
474 1628 527 1655 42.
543 1623 783 1666 Tyndaritanus.

169 1666 389 1705 Patemarchns,
412 1667 502 1698 Verr.
522 1668 584 1705 IV,
603 1669 655 1698 23.
671 1666 900 1709 Murgentinus.

170 1709 299 1745 Polemo,
324 1709 418 1740 Acad.
446 1711 474 1747 Ι,
505 1714 552 1741 10.
566 1710 743 1741 Academiae
762 1709 868 1740 veteris
883 1709 1016 1749 philoso-

126 1749 216 1791 phus,
232 1750 264 1783 in
279 1752 438 1794 disciplina
454 1753 612 1785 Platonica
626 1753 670 1784 nil
681 1758 791 1785 mutat.
807 1752 863 1785 Or.
878 1751 943 1792 111,
964 1756 1012 1784 18.
