1122 1868
134 68 198 99 398
348 68 496 100 INDEX
521 67 811 101 HISTORICUS.

138 153 231 185 schol.
247 159 277 184 et
292 153 478 185 Bentleium.
502 155 541 186 1..
555 154 671 185 Turius
689 165 708 185 a
724 155 771 185 M.
788 154 904 186 catone
925 160 1029 186 contra

139 197 198 228 Cn.
213 196 349 227 Gellium
365 197 504 229 defensus
513 204 767 229 commemoratur
782 198 864 239 apud
875 198 1025 234 Gellium,

140 240 232 271 Noct.
246 240 315 270 Att.
333 240 427 276 XIV,
447 246 477 272 2.
498 247 533 272 ut
550 240 664 281 lapides
682 247 807 271 taceam.
832 241 928 280 Nam,
945 240 1029 282 apud

141 282 293 319 Donium,
312 282 370 313 IV.
384 285 437 320 93,
451 290 494 314 est
510 285 548 315 1..
564 283 691 319 Turius,
710 284 747 314 L.
765 284 802 313 F.
821 284 877 314 ἃς.

185 326 221 361 Q.
247 327 376 365 Turius,
399 327 437 357 ad
453 327 525 357 Div.
548 327 631 365 XII,
653 330 705 357 26.
726 327 894 367 negotiator
910 326 1028 357 Africa-

140 378 208 399 nus.

187 413 302 443 Turius
315 414 405 450 Eros,
419 413 457 443 ad
473 413 545 443 Div.
557 411 638 449 XII,
655 415 707 443 25.
723 413 848 443 libertus
863 412 905 451 Q.
915 412 1016 443 Turii.

187 457 342 495 Turpilia,
360 456 397 486 ad
414 456 487 486 Div.
504 456 585 492 VII,
604 459 655 486 21.

188 500 317 538 Turpio,
334 499 402 529 Att.
419 498 480 536 VI,
500 502 526 528 l.
544 499 682 529 sutorius.

184 541 221 571 L.
242 543 415 578 Turselius,
443 542 524 571 Phil.
549 541 597 580 II,
626 542 674 571 16.
699 542 726 572 ei
747 547 962 572 testamentum
981 542 1028 572 M.

141 585 298 616 Antonius
310 584 440 624 subjicit.

189 629 349 665 Tur-nlius,
366 627 404 657 ad
420 627 492 657 Div.
506 626 587 665 XII,
608 631 656 658 13.
667 633 800 669 quaestor
809 626 899 657 Tillii
911 627 1030 659 Cimbri

142 671 174 701 in
191 671 350 711 Bithyni-22.

192 715 375 749 Tuscenius,
385 713 423 743 ad
436 713 476 751 Q.
485 713 536 743 Fr.
554 712 582 749 I,
599 714 626 743 l.
643 714 672 743 6.
690 720 719 744 et
731 717 760 744 2.
778 717 807 744 2.
822 715 916 746 homo
927 715 1034 745 obseu-

144 768 207 793 rus,
223 757 277 797 qui
292 757 328 787 de
344 756 384 794 Q.
401 757 545 786 Cicerone
561 763 686 797 questus
707 764 778 788 erat.

192 801 303 835 Tutia,
314 800 382 829 Att.
399 798 492 837 XVI,
505 801 534 828 2.
551 809 662 830 nomen
678 799 811 837 feminae,
823 800 922 831 nescio
938 801 1036 839 cujus.

144 843 231 874 Nam
243 842 338 872 Tutia
350 842 493 879 Vestalis,
510 842 547 872 de
563 842 624 882 qua
641 848 684 872 est
699 854 746 883 ap.
764 843 867 873 Valer.
885 843 985 880 VIII,
1006 846 1034 881 1,

145 887 230 927 (quae
239 886 270 915 in
285 885 370 915 libris
382 885 443 915 fere
453 891 496 915 est
506 885 634 921 Tuccia)
647 885 707 916 huc
718 896 778 916 non
789 886 917 927 pertinet
929 898 937 922 ς
956 885 1038 927 quod

147 928 292 969 temporis
307 929 382 959 ratio
397 928 484 958 facile
499 927 620 958 indicat.
653 928 805 958 Caeterum
821 929 908 959 valde
929 929 1040 960 arridet

146 971 274 1003 Corradi
297 972 480 1011 conjectura,
503 971 555 1012 qui
576 972 665 1002 Julia
682 972 846 1012 legendum
867 972 1039 1012 suspicaba-

146 1021 217 1050 ειη-ς
242 1025 370 1055 eamque
393 1013 591 1054 intelligebat,
613 1014 651 1044 de
671 1015 734 1055 quii
754 1020 797 1045 est
817 1015 870 1045 lib.
887 1015 964 1052 XV,
980 1015 1039 1046 ult.

146 1057 275 1088 Tutiam
291 1057 439 1087 familiam
455 1063 558 1087 autem
573 1057 678 1095 fuisse,
697 1057 785 1088 facile
801 1057 972 1088 concedam.
995 1058 1037 1088 V.

148 1100 307 1131 Drakenb.
326 1100 365 1130 ad
381 1099 449 1129 Liv.
467 1100 536 1140 epit.
555 1104 607 1130 20.

195 1145 307 1178 Tutor,
322 1142 378 1173 Or.
396 1141 443 1180 ΙΙ,
459 1144 510 1174 64.
527 1152 639 1173 nomen
649 1143 738 1173 mimi
753 1143 871 1181 veteris,
888 1153 1037 1185 perquam

150 1186 281 1217 ridiculi.

195 1229 428 1269 Tympanis,N.
443 1228 485 1258 D.
504 1227 568 1265 III,
582 1229 634 1258 35.
659 1231 681 1247 “
693 1229 899 1270 Tympanidis
914 1229 1040 1270 rogus.”

148 1272 249 1303 Locus
274 1273 337 1302 sine
363 1271 455 1301 dubio
476 1278 645 1311 corruptus,
667 1271 697 1300 in
723 1282 784 1312 quo
805 1272 917 1302 frustra
937 1272 1037 1302 adhuc

146 1315 203 1345 viri
218 1315 297 1346 docti
317 1314 513 1345 desudarunt.
537 1314 610 1345 Vid.
630 1314 792 1345 Davisium
813 1321 842 1345 et
863 1315 1036 1345 Buherium

151 1357 190 1388 ad
205 1358 236 1388 h.
250 1359 272 1388 l.

196 1403 394 1441 Tyndareus,
408 1400 475 1430 Fat.
496 1402 544 1430 15.
559 1399 811 1441 ‘Clytaemnestrae
822 1406 917 1442 pater.

197 1445 399 1484 Tyndaridae,
417 1444 491 1473 Nat.
508 1443 551 1473 D.
572 1444 584 1473 Ι
591 1444 616 1480 I,
635 1446 663 1472 2.
696 1444 809 1474 Persen
826 1444 940 1474 victum
956 1453 1038 1474 nun-

150 1487 236 1517 tiant.
261 1487 334 1518 ibid.
359 1485 423 1523 III,
447 1488 475 1516 5.
493 1497 541 1516 eos
563 1486 782 1517 Lacedaemone
797 1486 929 1527 sepultos
950 1486 1043 1517 tradit

154 1529 322 1563 Homerus.
337 1531 394 1560 &c-

199 1574 372 1613 Tyranm‘o.
388 1573 453 1602 Att.
472 1571 518 1608 II,
536 1572 565 1601 6.
594 1572 678 1609 XII,
699 1576 728 1602 2.
749 1573 805 1603 &c.
821 1571 1042 1612 grammaticus

149 1620 179 1645 et
187 1616 387 1656 geographus,
400 1616 452 1656 qui
466 1614 619 1646 Ciceronis
631 1616 818 1656 temporibus
827 1615 912 1644 vixit.
928 1613 1040 1644 Acrem

148 1657 180 1688 in
193 1658 438 1699 reprehendendo
452 1658 554 1693 fuisse,
573 1668 609 1688 ex
629 1668 675 1698 ep.
693 1659 713 1688 6
727 1659 779 1688 lib.
794 1657 839 1693 ΙΙ,
853 1657 1041 1698 intelligitur.

147 1699 220 1732 ibid.
247 1701 307 1741 IV,
333 1702 362 1732 4.
388 1702 418 1732 8.
444 1701 586 1742 reliquias
617 1701 808 1732 bibliothecae
832 1699 1043 1732 Ciceronianae
