1122 1868
87 69 150 99 212
303 66 451 101 INDEX
477 65 765 96 HISTORICUs.

136 153 274 189 Dexius,
287 151 325 182 ad
340 152 414 182 Div.
429 151 510 188 VII,
528 154 580 181 23.

139 197 180 227 L.
196 197 416 231 Diadematus,
429 194 467 225 ad
482 194 572 232 Quir.
587 204 618 234 p.
636 192 714 224 Red.
730 197 761 223 3.
784 192 849 230 Qu.
863 192 985 223 Metelli

97 238 288 270 Macedonici
302 238 393 268 filius.
410 239 451 268 V.
468 237 500 266 in
520 238 658 267 Metellis.

142 282 332 320 Diagondas,
349 281 527 311 Thebanus.
551 280 626 320 Le'g.
644 278 691 317 ΙΙ,
713 280 760 309 15.
776 279 880 317 ompia
900 289 984 309 sacra

95 330 244 355 nocturna
258 323 388 354 sustulit.

144 367 311 406 Diagoras,
327 366 454 401 Melius,
472 365 545 395 Nat.
561 364 603 395 D.
621 363 649 402 I,
670 367 696 394 1.
712 370 742 394 et
758 367 810 394 23.
826 363 912 394 Deos
926 364 988 395 tol·

98 410 155 446 lit;
179 410 306 450 ideoque
322 410 441 439 Atheus
457 408 575 438 dicitur.

144 454 263 489 Diana,
275 452 348 482 Nat.
365 452 407 481 D.
425 450 490 487 III,
502 452 554 482 23.
570 450 681 480 Dianae
695 450 808 490 plures.

143 496 361 531 Dicaearchus,
378 494 606 535 Peripateticus,
628 493 799 523 Aristotelis
809 492 987 533 discipulus,

100 538 170 569 Att.
193 538 240 575 II,
258 541 287 568 2.
303 539 367 576 ejus
389 537 481 567 libros
501 536 660 575 diligenter
681 535 756 575 legit
776 541 806 565 et
821 535 989 565 admiratur

105 581 220 612 Cicero.
244 585 431 614 Πελληναιων
452 579 528 609 liber
544 578 714 608 Dicaearchi
729 577 766 607 de
782 578 903 618 populis
919 578 991 608 Pel-

102 624 228 659 lenaei83
253 622 327 652 item
345 624 491 660 Κορινὲιων
507 627 536 651 et
554 623 706 653 Αὲηναιων.
731 620 841 650 Libros
858 620 993 660 Geogra-

102 667 207 707 phicos
222 666 254 695 in
269 664 375 694 multis
391 663 581 704 reprehendit
597 663 755 703 Polybius,
772 669 892 693 auctore
908 664 992 693 Stra-

104 710 195 745 bone,
213 708 324 748 Geogr.
341 705 388 742 II,
405 717 435 746 p.
454 707 523 741 107.
539 705 593 746 qui
608 712 637 735 et
652 705 715 745 ipse
739 705 766 735 ei
787 715 848 735 non
874 715 994 746 semper

103 751 260 782 fidendum
284 755 399 785 monet,
414 748 565 789 imprimis
580 748 612 778 in
627 748 861 778 occidentalibus
876 754 907 778 et
926 758 995 788 sep-

103 792 345 825 temtrionalibus
368 792 502 832 Europae
516 791 662 831 partibus.
679 791 747 821 Att.
765 791 813 827 II,
836 794 882 820 16.
899 790 994 821 vitam

104 836 269 878 practicam
285 834 453 865 theoreticae
475 833 640 874 anteponit.
663 833 702 863 ad
723 833 789 863 Att.
804 832 865 871 VI,
883 837 913 863 2.
929 834 995 872 ejus

106 879 219 909 tabulae
233 877 440 919 geographicae
454 876 628 906 laudantur.
652 876 777 917 Scripsit
793 881 860 916 Περι
879 888 933 909 της
956 888 996 910 εις

105 926 262 960 Τρωφονιου
274 920 485 956 ΚαταΒασεως,
498 919 530 948 in
546 929 607 959 quo
620 919 749 949 Chaeron
765 918 891 959 quidam
904 917 996 948 indu-

107 964 196 1001 citur,
213 972 347 1000 narrans,
364 973 433 1002 quae
448 962 479 991 in
495 962 673 1002 Trophonio
688 961 804 991 viderit.
828 962 943 991 Utrum
957 960 996 990 li-

105 1007 161 1037 ber
181 1005 342 1046 singularis
365 1004 469 1041 fuerit,
493 1014 531 1034 an
556 1015 625 1044 pars
648 1004 718 1034 libri
743 1003 877 1043 majoris,
902 1013 997 1044 quem

107 1054 278 1087 Αυαγραφην
291 1047 435 1081 Ἑλλαδος
448 1047 610 1087 inscripsit,
627 1047 783 1088 disputant
796 1058 804 1076 z
822 1046 878 1076 hoc
893 1052 996 1076 tamen

106 1090 294 1131 probabilius
309 1089 427 1120 videtur
447 1089 691 1125 Hemsterhusio,
708 1089 747 1119 ad
761 1089 890 1119 Lucian.
907 1089 947 1118 T.
966 1089 995 1126 Ι,

108 1134 193 1169 339;
218 1132 301 1174 quod
322 1132 400 1162 mihi
419 1141 480 1162 non
495 1137 539 1162 est
553 1132 720 1172 probabile,
737 1131 809 1171 quia
833 1131 928 1161 eloco
944 1131 997 1161 Ci-

109 1176 224 1207 ceronis
233 1181 327 1216 patet,
334 1175 366 1204 in
373 1175 492 1215 dialogo
501 1175 647 1215 scriptum
653 1174 744 1204 fuisse
750 1174 838 1204 inum
843 1173 996 1211 libellum,

110 1218 193 1259 quod
210 1224 364 1258 Αναγραφῃ
379 1217 504 1248 Graeciae
521 1227 583 1247 non
603 1217 760 1248 convenire
775 1216 902 1246 videtur.
926 1217 996 1246 Att.

109 1260 211 1299 XIII,
223 1261 273 1290 32.
282 1259 353 1290 libri
364 1265 430 1298 Περι
441 1265 549 1300 Ψυχης,
561 1266 590 1290 et
604 1259 815 1295 Καταβασεως,
825 1265 854 1289 et
862 1264 998 1298 Τριπολι-

110 1316 201 1341 vanos,
210 1309 239 1333 et
249 1303 373 1343 epistola
382 1302 420 1332 ad
428 1302 656 1332 Aristoxenum.
666 1301 765 1332 Acad.
773 1300 892 1339 1V‚39.
902 1301 933 1331 Τ
935 1312 997 1332 usc-

110 1345 140 1383 Ι,
158 1349 206 1376 10.
219 1352 277 1376 tres
285 1345 378 1375 libros
389 1345 427 1374 de
438 1345 540 1375 animo
550 1345 678 1385 scripsit,
691 1344 722 1374 in
735 1344 846 1384 quibus
858 1344 997 1375 animum

110 1389 188 1419 nihil
200 1399 261 1419 esse
270 1388 451 1429 disputatur.
466 1387 560 1418 Tusc.
580 1388 609 1425 Ι,
625 1390 678 1418 31.
694 1393 752 1417 tres
767 1387 860 1416 libros
880 1387 999 1427 scripsit

111 1437 215 1462 contra
226 1430 486 1461 immortalitatem
500 1430 607 1468 animi,
621 1430 674 1471 qui
690 1429 828 1459 Lesbiaci
842 1429 996 1468 dicuntur,

111 1474 195 1515 quod
217 1473 377 1513 Mitylenis
403 1483 501 1503 sermo
524 1473 663 1503 habetur.
688 1471 760 1502 Div.
780 1471 808 1508 I,
831 1472 863 1502 3.
888 1477 917 1502 et
943 1474 996 1502 50.

111 1522 220 1547 caetera
233 1515 425 1546 divinationis
439 1525 549 1556 genera
564 1515 695 1553 sustulit,
716 1516 824 1555 probat
838 1514 955 1545 somnia
970 1520 1000 1545 et

112 1558 253 1590 vaticinia
265 1569 317 1599 per
332 1558 474 1588 furorem.
492 1557 538 1595 II,
556 1561 607 1589 51.
624 1559 688 1597 ejus
703 1567 833 1597 magnus
848 1557 925 1587 liber
940 1563 996 1595 est,

112 1601 240 1632 Nescire
258 1612 303 1636 ea,
320 1612 389 1641 quae
415 1607 559 1631 eventura
582 1601 652 1638 sint,
673 1600 783 1630 melius
808 1610 882 1637 esse,
903 1610 999 1640 quam

114 1645 196 1675 scire.
214 1643 276 1675 Off.
295 1642 341 1679 II,
359 1645 388 1673 5.
399 1653 547 1683 magnum
559 1650 589 1674 et
604 1643 758 1684 copiosum
768 1642 882 1672 librum
897 1642 934 1672 de
943 1642 999 1673 ho-

112 1687 233 1717 minum
244 1687 367 1717 interitu
377 1686 504 1727 scripsit,
517 1688 574 1717 διο.
590 1686 641 1717 De
650 1696 685 1717 eo
694 1685 756 1717 vid.
770 1684 892 1715 Reines.
904 1684 945 1715 V.
958 1685 998 1715 L.

114 1730 182 1766 III,
199 1733 230 1759 3.

148 1774 191 1803 Ρ.
206 1772 337 1810 Didius,
355 1771 443 1803 Font.
464 1775 511 1805 15.
524 1773 641 1812 legatus
658 1771 696 1802 L.
713 1769 839 1803 Caesaris
859 1770 891 1802 in
911 1770 994 1803 bello
