1122 1868
169 84 210 112 90
342 82 489 114 INDEX
514 84 878 116 GEOGRAPHICUS.

592 170 629 200 L.

217 253 337 291 Labici,
362 254 473 293 Agrar.
496 256 543 292 ΙΙ,
565 257 618 293 35,
638 256 785 296 oppidum
810 255 904 293 Latii,
922 255 1004 296 quod
1026 258 1055 284 et

175 297 332 327 Labicum
349 297 468 330 dicitur,
491 308 509 328 a
527 299 588 337 quir
607 299 655 329 via
677 299 846 336 Labicana,
866 297 943 336 XV,
958 307 999 327 m.
1021 308 1052 338 p.

174 341 212 370 ab
227 341 310 369 urbe.
334 340 425 370 Unde
450 342 657 377 Labicanum,
682 341 832 372 Paradox.
851 339 912 379 VI,
938 342 970 378 3,
986 350 1056 381 ager

175 382 251 412 circa
262 382 419 422 oppidum.

220 426 333 460 Labra,
350 425 388 454 ad
404 425 444 463 Q.
460 426 510 456 Fr.
529 427 576 464 II,
594 428 624 463 6,
642 429 713 457 urbs
729 434 758 457 et
773 434 877 467 portus
893 426 1033 457 Etruriae.

216 469 420 505 Laconicum,
437 469 475 498 ad
493 470 560 499 Att.
578 469 639 505 IV,
662 471 712 507 10,
734 470 921 500 sudatorium
938 469 969 498 in
992 469 1058 498 bal-

173 510 246 547 neis,
274 511 305 540 in
327 511 574 552 hemisphaerium
597 512 790 550 aedjficatum,
814 523 874 553 quo
897 513 1059 541 utebantur

172 553 267 583 crudi.
303 552 466 584 Inventum
491 562 534 585 est
559 555 616 585 hoc
640 565 734 592 genus
760 566 779 584 a
809 553 1056 584 Lacedaemoniis.

178 596 253 626 Inde
268 606 388 626 nomen.
413 597 452 626 V.
478 597 550 627 Intt.
567 597 604 627 ad
620 597 739 627 Vitruv.
757 598 799 634 V,
821 598 868 627 10.

218 640 368 675 Lacaena,
386 640 479 670 Tusc.
502 640 564 678 Qu.
584 640 612 679 Ι,
630 642 683 677 42,
700 640 814 670 femina
829 642 999 680 Spartana3
1023 647 1058 668 ut

177 682 262 712 Laco
280 682 317 712 de
333 682 413 712 viris.

217 725 297 755 Lam
299 735 441 764 psacum,
456 726 486 755 in
503 727 590 756 Verr.
605 725 650 763 II,
664 727 717 761 24,
730 727 802 755 urbs
814 724 935 766 Mysiae,
946 735 968 755 s.
981 725 1058 754 Hel-

172 768 310 807 lesponti.
346 768 429 798 Nam
456 768 582 799 Cicero:
616 770 831 807 Lampsacum
858 773 901 798 cst
924 769 996 797 urbs
1023 769 1057 797 in

174 811 381 849 Hellesponto.
407 812 623 851 Hellespontus
634 818 736 841 autem
749 811 956 851 complectitur
967 811 1057 840 etiam

173 853 320 894 RIysiam.
338 853 378 882 V.
394 855 623 893 Hellespontus.

216 897 407 933 Lanuvium,
420 907 474 936 pro
487 897 611 927 Muren.
623 898 675 933 41,
689 896 836 937 oppidum
853 895 935 926 Latii
947 906 957 931 3
987 906 1057 925 rnu-

172 939 331 979 nicipium,
348 940 432 968 cultu
447 940 580 970 sunonis
596 940 723 980 Sospitae
738 939 861 969 celebre.
886 938 977 968 Unde
993 939 1056 968 La-

172 983 294 1017 nuvini,
311 981 348 1011 de
365 982 438 1012 Nat.
456 982 496 1011 D.
515 982 542 1018 Ι,
560 984 611 1013 29.

215 1026 432 1063 Lanuuinum,
456 1025 493 1055 de
516 1025 620 1055 Divin.
641 1024 669 1061 Ι,
695 1025 748 1063 36,
765 1034 835 1064 ager
856 1024 934 1054 circa
949 1023 1055 1053 Lanu-

173 1078 267 1097 vmm.

214 1112 428 1148 Lanuuinum,
456 1110 494 1140 ad
518 1111 586 1140 Att.
609 1110 669 1149 IX,
695 1112 726 1148 9,
753 1109 900 1151 praedium
924 1109 956 1138 in
982 1119 1054 1149 agro

175 1153 347 1183 Lanuvino.

213 1196 380 1233 Laodicea,
405 1196 443 1226 ad
468 1197 533 1225 Att.
556 1197 598 1233 V,
621 1197 670 1233 15,
691 1207 760 1237 quae
783 1202 812 1226 et
831 1195 1002 1233 Laudicea,
1018 1201 1054 1224 ut

171 1239 341 1269 Laodiceni
357 1245 386 1268 et
399 1240 584 1277 Laudiceni,
596 1239 704 1269 dicitur
717 1250 726 1275 ;
751 1240 822 1268 urbs
836 1238 977 1278 Phrygiae
987 1247 1054 1268 ma-

165 1282 250 1320 joris,
270 1282 308 1312 ad
326 1282 455 1312 fluvium
476 1283 608 1322 Lycum,
632 1292 693 1312 non
714 1281 820 1322 procul
843 1282 881 1311 ab
903 1280 1052 1321 Apamea.

170 1324 218 1354 De
242 1324 298 1354 hac
323 1324 486 1365 capiendus
507 1332 550 1354 est
569 1325 684 1363 Cicero,
706 1324 823 1365 quoties
844 1323 881 1353 de
902 1323 1052 1353 Laodice&

169 1366 329 1407 provinciae
344 1378 406 1397 suae
420 1367 565 1397 attributa
579 1368 721 1407 loquitur.

212 1410 368 1448 Lapitlzoe,
383 1410 415 1439 in
432 1410 532 1440 Pison.
552 1411 602 1447 10,
612 1410 645 1439 in
657 1409 815 1440 Thessalia
829 1408 947 1450 populi,
963 1408 1051 1438 fabu-

168 1451 205 1481 lis
221 1452 370 1482 celebrati.

211 1495 382 1532 Larinum,
403 1495 442 1525 ad
463 1495 531 1526 Att.
553 1495 613 1533 IV,
638 1497 688 1531 12,
708 1494 789 1532 VII,
808 1495 858 1531 13,
881 1492 978 1531 VIII,
998 1493 1048 1532 13,

167 1537 369 1577 municipium
385 1537 423 1567 ad
446 1538 521 1568 fines
537 1538 660 1578 Apuliae
674 1538 705 1568 in
721 1536 906 1574 Ferentanis,
923 1536 961 1566 ad
976 1535 1049 1566 dex-

168 1586 262 1609 teram
275 1579 393 1610 Tiferni
408 1580 516 1621 ripam.
540 1581 618 1611 Inde
630 1582 771 1611 Larinus
786 1586 815 1610 et
832 1581 979 1616 Larinas,
994 1589 1049 1618 pro

171 1621 293 1653 Cluent.
311 1624 342 1659 5,
360 1624 390 1652 6.

210 1666 381 1703 Laterium,
397 1665 436 1695 ad
457 1669 522 1696 Att.
545 1666 589 1703 X,
614 1667 642 1703 l,
658 1665 772 1697 fundus
792 1666 832 1703 Q.
851 1663 1002 1695 Ciceronis
1015 1663 1046 1692 in

167 1707 308 1748 Arpinati
323 1718 404 1748 agro·
428 1708 515 1739 Conf.
534 1709 595 1745 IV,
611 1711 642 1745 7,
659 1709 698 1739 ad
713 1709 775 1746 Qu.
792 1709 842 1739 Fr.
860 1707 928 1744 111,
948 1709 974 1735 l.

208 1751 356 1787 Latiar-fe,
381 1761 435 1791 pro
462 1751 572 1781 Milon.
599 1753 651 1789 31,
679 1760 844 1792 cognomen
871 1748 969 1784 Jovis,
993 1748 1045 1788 qui
