1122 1868
175 36 216 66 62
347 37 497 69 INDEX
520 38 891 71 GEOGRAPHICUS.

216 121 363 162 Albenses,
379 123 417 154 ad
432 124 567 155 Herenn.
587 124 636 162 11,
649 126 701 155 28.
719 125 819 156 Varro
830 125 867 155 de
880 124 919 155 L.
932 123 970 154 L.
982 124 1030 155 VI
1036 120 1064 158 19

171 175 201 204 p.
218 174 259 195 m.
277 166 314 196 91
331 178 339 196 ε
367 168 442 198 Cum
457 169 525 196 (lace
540 169 596 197 sinc
609 169 704 205 Alme,
720 169 756 197 ab
771 168 832 198 unzi
849 169 992 197 ‹licunlur
1005 164 1063 197 Al-

173 208 254 243 bani,
270 209 306 237 ab
323 209 415 239 altera
432 210 572 241 Albenses
583 223 594 245 ‚·
619 221 729 252 nempe
750 212 788 242 ab
812 211 858 249 ea,
882 220 952 251 quae
966 215 1010 240 est
1024 209 1062 240 ad

170 250 272 281 lacum
288 252 451 283 Fucinum.

217 295 381 326 Alentinns.
406 295 477 327 Vid.
496 297 686 327 IIalenlinns.

216 337 374 374 Aletrium,
399 339 454 369 Or.
469 349 524 380 pro
546 340 667 370 Cluent.
688 340 738 378 16,
755 340 793 369 ab
814 338 927 380 oppido
941 337 1061 369 Aletrio

172 378 255 409 Latii
269 379 300 409 in
318 381 467 412 Hernicis.

220 424 426 461 Aletrinensis,
442 435 496 465 pro
512 424 604 455 Corn.
622 425 714 455 Balb.
737 426 788 455 22.

214 466 408 505 Alexandria,
426 468 508 498 Phil.
528 466 573 503 ΙΙ,
591 470 643 505 24),
661 470 714 505 25,
731 469 803 498 urbs
819 466 960 507 AEgypti.

216 509 406 548 Alea-andria,
423 511 520 541 Acad.
533 509 594 548 IV,
611 512 642 547 4,
657 517 700 541 est
715 511 851 540 Asiatica
866 510 897 539 in
914 508 1046 539 Troade.

216 552 336 592 Algida,
358 554 414 583 Or.
435 555 487 592 45,
505 559 583 584 terra
606 554 684 584 circa
697 553 851 594 Algidum
874 558 1010 582 montem
1033 557 1063 582 et

171 595 279 624 urbem
294 595 326 624 iu
343 596 441 627 Latio.

217 638 350 672 Alifuaeuvs
372 650 452 679 ager,
477 639 532 670 Or.
557 639 594 669 de
617 639 692 679 Leg.
715 639 828 680 Agrar.
851 638 928 669 circa
951 637 1062 675 Alifas,

169 680 318 720 oppidum
334 683 531 718 Samnitium,
548 682 625 712 inter
642 683 813 713 Venafrum
829 688 859 712 et
873 681 978 712 Sabati
992 690 1064 711 con—

172 723 328 761 fluentem,
346 735 438 765 supra
452 726 560 756 laevam
577 725 724 755 Vulturni
739 725 847 765 ripam.

214 767 372 806 Aliphera,
388 768 426 798 ad
441 769 510 798 Att.
527 768 589 805 VI,
607 769 637 805 2,
655 769 726 798 urbs
741 768 895 798 maritima
909 766 1048 797 Achai‘ae.

218 809 363 847 Alliensis,
384 811 423 841 ad
439 811 507 841 Att.
523 811 585 847 IX,
603 812 634 847 5,
648 812 686 841 ab
701 811 789 841 Allia
800 810 904 847 fluvio,
915 809 954 839 ad
969 819 1062 850 quem

171 851 278 882 infelix
293 863 363 882 cum
381 853 479 883 Galus
494 863 598 894 pugna
612 853 701 891 facta,
719 853 756 884 de
771 854 834 894 qua
849 853 918 883 Liv.
935 852 978 890 V,
995 853 1037 882 38
1050 861 1059 882 ε

171 894 253 925 unde
270 896 408 926 Allienses
420 898 480 926 (lies
494 896 565 926 dicti
580 896 723 933 infelices,
740 896 859 926 nefasti.

215 938 393 978 Allobroges,
416 939 523 981 populi
544 939 654 970 Galliae
677 939 905 975 Narbonensis3
929 947 1061 979 quorum

170 987 262 1021 caput
278 981 403 1012 Geneva.

215 1025 340 1064 Alsium,
363 1025 403 1056 ad
417 1025 487 1057 Att.
504 1024 603 1064 VIII,
620 1026 673 1063 50,
689 1024 838 1066 oppidum
853 1024 885 1054 in
899 1023 952 1054 or&
966 1023 1063 1054 Etru-

171 1077 234 1097 riae.

216 1110 359 1148 Alsiense,
376 1111 416 1141 ad
430 1111 503 1143 Div.
519 1111 572 1142 lib.
590 1110 652 1148 IX,
669 1121 715 1152 ep.
731 1111 763 1148 6,
779 1109 929 1152 praedium
944 1109 1061 1140 dictum

169 1153 208 1183 ab
223 1153 322 1183 Alsio.

214 1195 244 1224 A
250 1196 333 1236 lysia,
348 1196 386 1227 ad
402 1196 475 1227 Div.
483 1197 536 1228 lib.
550 1195 645 1233 XVI,
662 1208 708 1237 ep.
722 1198 754 1233 2,
765 1195 914 1237 oppidum
923 1194 1062 1225 Acarna-

168 1237 238 1275 niae,
255 1238 329 1269 citra
342 1240 526 1277 Leucadem,
543 1250 561 1269 a
577 1239 676 1270 Patris
692 1239 815 1270 Italiam
831 1249 944 1269 versus.

215 1281 380 1319 Amalthea,
411 1283 449 1313 ad
464 1284 535 1314 Att.
558 1281 586 1321 Ι,
613 1283 664 1321 13,
686 1283 759 1314 villa
779 1281 873 1312 Attici
897 1281 929 1311 in
953 1280 1061 1322 Epiro,

170 1324 257 1363 cujus
274 1335 352 1365 saepe
367 1326 481 1356 mentio
496 1326 539 1356 fit.

214 1368 412 1405 Amaltheam,
429 1369 468 1399 ad
483 1369 551 1399 Att.
568 1367 597 1405 Ι,
616 1369 666 1404 15,
688 1368 883 1409 gymnasium
902 1367 935 1398 in
951 1364 1062 1398 Amal-

169 1409 239 1440 the&
255 1410 347 1441 fuisse
362 1412 489 1442 videtur.
514 1412 587 1442 Vid.
609 1411 676 1442 Ind.
694 1412 847 1442 Graecum.

213 1454 353 1489 Amanus,
373 1455 412 1485 ad
436 1455 509 1485 Div.
527 1454 574 1491 ΙΙ,
602 1455 652 1492 10,
675 1465 764 1485 mons
789 1453 903 1484 Cilieiae
923 1463 941 1483 a
955 1451 1061 1482 Tauro

169 1505 358 1535 procurrens,
372 1503 402 1528 et
417 1499 482 1537 ejus
494 1498 581 1538 quasi
594 1507 714 1528 ramus:
733 1498 772 1528 ab
782 1496 909 1527 Oriente
921 1495 1061 1526 Ciliciam

170 1538 294 1577 claudit,
311 1546 341 1570 et
356 1550 375 1570 a
389 1540 477 1581 Syria
492 1540 616 1570 dirimit.

213 1583 414 1620 Amaniensis,
430 1583 469 1613 ad
482 1583 554 1614 Div.
573 1581 621 1621 11,
635 1584 686 1622 10,
702 1582 808 1613 incolae
822 1582 935 1613 montis
948 1580 1062 1612 Amani

170 1623 202 1653 in
219 1624 334 1655 Cilicia.

212 1667 364 1707 Amantia,
379 1668 460 1701 Phil.
471 1668 535 1709 XI,
549 1670 599 1710 ll,
611 1668 760 1711 oppidum
771 1669 804 1700 in
816 1668 869 1700 ora
884 1665 1057 1709 Illyricana.
