1122 1868
163 75 226 111 376
378 77 528 109 INDEX
551 77 835 110 HISTORICUS.

208 163 382 201 Stratocles,
399 163 453 194 ΒΓ.
479 167 525 195 11.
539 170 638 196 orator
653 165 789 203 Graecus,
810 164 848 194 de
871 162 1047 193 Themisto-

165 204 219 234 clis
239 211 336 235 morte
351 216 419 246 quae
434 207 564 238 finxerit.
597 208 647 239 De
663 217 697 238 eo
719 207 778 237 vid.
795 206 918 238 collecta
934 205 1045 236 Ruhn-

167 247 257 277 kenio
279 248 317 278 ad
333 249 431 278 Rutil.
447 250 586 291 Lupum,
602 262 632 292 p.
650 254 700 281 32.
717 261 777 291 seq.

208 292 411 328 Stratonicus,
429 293 471 323 N.
494 294 533 324 D.
559 294 626 332 III,
650 295 698 323 19.
714 293 806 323 homo
823 292 956 322 facetus:
980 291 1046 330 ejus

164 332 280 363 dictum
303 334 335 363 in
358 335 616 367 Alabandensem.
650 335 823 372 Citharista,
843 336 929 374 cujus
952 333 1047 364 facete

164 375 245 406 dicta
259 377 357 406 multa
372 378 490 418 collegit
505 380 685 416 Athenaeus,
701 379 753 408 lib.
771 377 871 415 VIII,
885 388 910 407 c.
924 378 956 407 8.
969 386 1031 416 seq.

210 420 394 456 Sarritor-ius,
408 421 446 450 ad
462 422 532 452 Div.
550 423 633 459 XII,
649 426 700 452 223.
718 420 835 451 videtur
850 430 920 450 cum
938 418 1048 450 Carni·

167 460 235 491 ficio
250 462 281 492 in
296 462 402 493 Africa
416 463 508 495 fuisse
522 471 653 505 quaestor
668 470 720 494 aut
734 464 860 503 legatus.

215 505 251 535 C.
265 507 444 543 Subernius,
461 507 604 545 Calenus,
621 507 659 537 ad
670 507 743 538 Div.
756 506 820 544 IX,
841 508 889 537 13.

214 548 256 578 L.
275 550 410 586 Suetius,
427 549 514 580 Verr.
533 550 580 585 ΙΙ,
595 552 625 580 5.

211 591 359 632 Stfferzas,
386 593 452 622 Att.
470 592 532 632 IV,
563 595 610 624 15.
635 601 802 634 cognomen
818 590 924 628 Nonii,
940 589 977 620 de
992 599 1054 631 quo

173 632 235 664 vid.
246 635 277 663 in
295 636 432 665 Seeenas.

214 675 308 707 Nam.
326 676 494 716 Suffucius,
511 678 615 708 Divin.
632 678 682 717 II,
698 678 749 708 41.
764 677 908 707 honestus
921 675 1013 706 homo
1025 681 1055 706 et

173 720 302 749 nobilis:
328 721 393 759 ejus
409 721 570 751 somnium.

213 763 257 792 D.
274 764 373 800 Sulla,
389 763 428 793 ad
441 764 512 794 Div.
528 765 604 801 XV,
618 765 666 799 17.
678 763 729 794 alii
744 765 781 794 P.
797 763 892 793 Sulla.
915 759 1056 801 Pighius,

173 805 212 835 ad
228 806 267 835 A.
284 807 357 842 70⁵2,
374 813 462 847 putat
485 807 648 847 legendum
670 817 743 844 esse,
768 806 807 836 D.
825 806 962 835 Silanus.
986 802 1058 839 Sed,

170 848 294 888 quando
311 847 374 886 IX,
394 850 443 887 10,
460 850 566 880 iisdem
582 860 667 890 paene
686 849 796 886 verbis,
812 848 849 878 de
864 847 901 877 P.
914 845 1000 877 Sulla
1013 854 1061 881 res

174 891 279 920 eadem
295 898 444 931 narratur,
469 902 530 923 non
548 893 665 931 dubito,
690 892 765 934 quin
787 894 827 923 P.
846 891 933 921 Sulla
958 889 1061 930 legen-

175 933 252 964 dum
268 934 315 964 sit.

219 978 259 1007 L.
279 979 375 1015 Sulla,
392 988 408 1008 e
424 978 583 1017 Corneliis,
599 977 717 1008 Fontei.
736 980 784 1007 15.
800 978 917 1018 legatus
933 974 971 1005 L.
992 972 1061 1004 Cae-

174 1020 247 1050 saris
263 1021 342 1050 bello
358 1021 467 1051 sociali.
484 1022 555 1052 Div.
573 1021 601 1059 I,
618 1022 670 1052 33.
688 1021 824 1051 Historia
839 1021 916 1059 ejus.
933 1016 1058 1057 Scripsit

175 1062 416 1093 Commentarios
431 1075 531 1094 rerum
548 1075 682 1102 suarum,
701 1065 743 1105 (v.
761 1062 915 1093 Plutarch.
933 1060 966 1090 in
987 1059 1058 1091 Su]-

173 1106 229 1142 la.)
253 1105 317 1136 Off.
343 1105 370 1143 I,
397 1107 449 1137 30.
479 1107 572 1137 cuivis
595 1107 732 1144 deservit,
754 1112 788 1136 ut
812 1106 963 1146 impetret,
990 1111 1060 1143 quae

175 1148 251 1178 vult.
276 1148 342 1178 Cat.
361 1148 425 1186 ΙΙΙ,
447 1153 493 1180 10.
512 1150 550 1179 Ρ.
567 1150 738 1190 Sulpicium
754 1155 783 1179 et
799 1147 836 1180 C.
850 1147 989 1178 Marium
1004 1144 1059 1183 eji-

176 1192 225 1221 cit.
248 1191 323 1231 Leg.
351 1192 397 1228 ΙΙ,
414 1194 466 1222 22.
483 1192 515 1222 in
531 1193 567 1223 C.
584 1192 679 1222 Marii
693 1192 805 1222 cineres
820 1190 912 1221 saevit.
937 1188 1060 1218 Primus

177 1244 194 1265 e
211 1233 358 1265 Corneliis
373 1235 497 1265 cremari
513 1235 616 1265 voluit⁴
641 1236 716 1275 Leg.
735 1233 800 1271 III,
817 1236 848 1265 9.
863 1234 928 1272 ejus
942 1232 992 1261 lex
1007 1229 1061 1260 tri-

175 1277 309 1313 bunicia,
327 1278 389 1318 qua
408 1278 485 1308 nihil
505 1278 644 1313 tribunis,
661 1285 769 1318 praeter
783 1286 906 1312 nomen,
922 1274 1061 1305 relictum

179 1326 232 1349 est„
257 1320 320 1350 Off.
346 1321 393 1357 Il,
416 1322 446 1350 8.
469 1322 534 1360 ejus
564 1321 687 1351 victoria
708 1319 800 1350 noxia
821 1318 948 1359 imperio
969 1317 1061 1346 Rom.

179 1362 262 1403 quod
287 1362 476 1403 disciplinam
502 1364 641 1404 perdidit.
669 1363 749 1393 Phil.
778 1362 841 1398 IX,
866 1362 895 1391 6.
921 1360 947 1390 ei
965 1359 1064 1400 primo

178 1412 278 1435 statua
292 1407 436 1446 equestris
448 1407 585 1436 inaurata
600 1406 698 1446 posita
712 1412 765 1436 est.
790 1405 885 1435 Dom.
901 1404 951 1433 30.
970 1401 1064 1449 Vol?-

180 1448 305 1478 terranis
329 1449 480 1479 civitatem
504 1449 635 1479 adimere
654 1459 714 1478 non
729 1448 839 1489 potuit,
856 1446 910 1477 etsi
930 1446 1063 1485 jussent.

180 1490 252 1520 Div.
271 1490 317 1527 ΙΙ,
331 1495 381 1521 30.
398 1492 424 1522 ei
435 1492 607 1522 immolanti
618 1501 737 1532 serpens
751 1490 900 1531 apparuit.
924 1488 967 1526 Q.
980 1487 1064 1517 Frat-

180 1536 210 1570 1,
232 1538 257 1562 1.
281 1538 288 1564 1
302 1537 326 1564 l.
340 1534 468 1565 Rhodiis
483 1535 596 1564 insulas
612 1534 758 1575 quasdam
773 1532 922 1569 attribuit,
939 1532 996 1561 διε.
1015 1529 1065 1559 De

180 1575 298 1616 legibus
314 1577 418 1615 Sullae,
435 1589 462 1607 v.
485 1578 547 1607 lud.
566 1578 660 1617 Legg.

226 1619 260 1649 P.
279 1622 375 1656 Sulla,
388 1630 442 1660 pro
454 1631 514 1661 quo
529 1626 574 1650 est
585 1620 690 1657 oratio,
707 1619 745 1649 L.
761 1619 854 1649 Sullae
863 1616 1062 1658 propinquus.

182 1660 299 1692 Consul
311 1661 483 1702 designatus
492 1673 562 1693 cum
574 1662 736 1699 Autronio,
747 1662 784 1692 de
794 1661 911 1691 ambitu
923 1658 1066 1690 condem-

181 1710 282 1741 natur,
299 1710 327 1734 et
342 1711 408 1744 post
423 1716 441 1735 a
454 1706 491 1735 L.
503 1705 661 1746 Torquato
681 1705 718 1734 de
730 1703 934 1743 conjuratione
946 1710 1066 1732 accusa-

181 1753 241 1785 tus,
252 1757 270 1777 a
283 1747 427 1779 Cicerone
435 1748 617 1785 defenditur,
628 1753 658 1778 et
666 1747 840 1779 absolvitur.
853 1745 916 1778 Off.
929 1743 975 1783 11,
986 1745 1015 1774 8.
1026 1742 1065 1774 L.
