1137 1848
335 62 485 94 INDEX
509 61 797 94 HISTORICUS.
943 61 1007 106 323

171 146 361 186 Pharnaces,
384 148 453 179 Att.
469 147 571 185 XIII,
587 152 639 178 30.
655 151 705 178 44.
721 157 824 178 servus
839 147 990 178 librarius.

168 190 330 227 Phemius,
354 192 424 222 Att.
447 192 490 229 V,
511 196 562 222 20.
588 194 639 222 21.
665 202 709 231 sq.
730 190 791 227 VI,
815 194 841 220 1.
867 190 1012 227 musicus,

125 232 271 303 {tilinicem
295 234 374 273 Ejus
389 235 480 265 etiam
495 234 611 265 mentio
631 234 713 275 apud
729 233 890 271 Ovidium,
906 233 1015 264 Amor.

183 297 192 311 ,
210 275 238 310 7.
257 277 307 307 61.

169 320 379 357 Pherecrates,
398 321 553 357 Phthiota,
577 320 671 351 Tusc.
686 320 718 356 I,
746 322 795 349 10.
813 319 967 349 inducitur
981 318 1014 349 in

124 359 297 393 Dicaearchi
310 364 388 394 libro
404 364 441 394 de
456 364 583 394 Animo.

170 406 372 446 Pherecydes,
390 407 482 437 Tusc.
506 406 534 443 I,
561 408 608 438 16.
634 406 752 447 Syrius,
772 415 831 435 non
856 406 962 446 Syrus,
979 411 1014 436 ut

127 453 171 477 est
185 448 216 478 in
233 449 300 479 edd.
317 450 477 490 plerisque.
500 450 573 481 Div.
598 449 625 487 I,
651 452 701 480 50.
721 448 903 489 Pythagorae
917 448 1015 488 magi-

125 496 185 520 ster
198 503 207 527 ;
231 492 341 522 Ιιᾶυεῖῖι
361 493 398 522 de
414 498 505 533 puteo
521 493 613 533 aquit,
633 499 719 523 terrae
734 497 852 522 motum
868 491 1017 531 praedicit.

126 533 220 565 Tusc.
238 534 266 573 I,
288 537 336 566 16.
360 536 477 576 primus
493 536 570 566 dixit
590 536 707 566 animos
731 545 793 565 esse
807 534 1016 574 sempiternos.

124 576 211 607 Vixit
226 584 370 618 regnante
392 577 546 610 Ciceronis
563 579 667 620 gentili
687 578 789 609 Servio
810 576 926 607 Tullio.
952 577 1014 607 Hic

124 624 168 649 est
182 620 326 661 physicus
348 621 548 662 Pherecydes,
574 622 610 661 is,
633 622 687 663 qui
701 621 819 663 primus
839 620 1016 660 Theologus

123 667 167 693 est
182 664 362 704 appellabis.

168 707 371 748 Pherecydes,
388 707 444 738 Or.
463 706 509 745 II,
535 710 583 737 12.
598 707 758 738 historicus
782 706 934 748 antiquior
950 706 1017 736 He-

124 748 249 786 rodot03
274 761 365 791 quem
382 761 453 781 cave
468 762 537 782 cum
554 750 678 792 physico
691 757 719 781 et
734 750 873 789 theologo
889 749 1020 780 confun-

125 791 188 822 das.
214 792 386 824 Historicus
410 794 607 824 Atheniensis
625 793 695 831 fuit,
712 793 802 823 Darii
820 792 1016 833 Hystaspidae

126 836 324 875 temporibus.
348 837 397 867 De
418 837 576 878 utriusque
600 842 687 866 aetate
703 842 732 867 et
747 835 862 876 scriptis
880 841 1017 865 accurate

125 876 260 918 disputat
275 879 364 910 Voss.
381 880 418 910 de
434 879 517 910 Hist.
532 880 586 910 Gr.
602 878 662 916 IV,
675 883 705 910 4.
722 880 759 910 de
771 878 895 920 physico
910 878 1017 919 impri-

125 921 183 950 mis
199 921 376 963 Menagius,
393 923 431 954 ad
448 924 549 953 Lae'rt.
568 922 596 959 I,
614 924 686 954 116.
703 934 769 964 sqq-

170 965 312 1003 Phidias,
339 965 394 996 Or.
421 965 467 1004 ΙΙ,
494 967 542 1001 17.
571 966 665 996 Tusc.
689 967 719 1003 Ι,
743 969 791 996 15.
809 964 864 995 Or.
885 964 936 999 71.
955 965 1012 994 &cn

125 1005 247 1046 signum
259 1008 410 1040 Minervae
419 1009 499 1047 fecit,
512 1009 542 1038 in
556 1010 642 1048 cujus
652 1009 792 1049 clypeum
803 1007 926 1038 inclusit
937 1007 1020 1037 simi-

126 1047 188 1079 lem
204 1051 335 1091 speciem
355 1053 412 1089 sui,
429 1052 513 1093 quod.
527 1062 639 1082 nomen
655 1052 814 1082 inscribere
829 1060 890 1081 non
905 1050 1015 1081 liceret.

172 1094 359 1133 Phidippus,
376 1095 478 1126 Deiot.
491 1097 521 1126 6.
539 1095 674 1125 medicus
689 1094 836 1124 Deiotari.

172 1137 327 1175 Phiditz'a,
350 1138 443 1169 Tusc.
467 1138 511 1176 V,
536 1141 588 1169 34.
609 1138 745 1169 convivia
771 1136 1019 1167 Lacedaemonio-

128 1188 209 1218 rum,
236 1180 274 1210 de
301 1181 413 1221 quibus
431 1192 460 1213 v.
486 1181 613 1212 Suidam
637 1181 669 1210 in
694 1180 846 1221 Lycurgo.
871 1179 1020 1210 Veterum

126 1221 193 1252 loca
207 1222 244 1253 de
260 1223 295 1253 iis
311 1223 379 1254 vide
394 1224 477 1265 apud
492 1224 610 1254 Meurs.
635 1223 727 1254 Misc.
745 1223 858 1253 Lacon.
876 1222 905 1259 Ι,
924 1227 953 1253 9.
968 1226 1019 1253 10.

126 1263 288 1296 Probabile
304 1271 358 1305 est,
375 1277 482 1298 verum
497 1276 608 1297 nomen
621 1276 683 1297 esse
699 1267 845 1297 Philitia.
862 1265 902 1296 V.
914 1266 1020 1296 Buhe-

127 1307 209 1337 rium
224 1309 263 1338 ad
278 1308 369 1340 Tusc.
386 1311 406 1340 1.
424 1321 449 1341 c.

173 1352 409 1392 Philadelphus,
426 1353 494 1383 Att.
510 1353 540 1392 Ι,
560 1356 608 1384 11.
625 1362 737 1383 nomen
753 1352 829 1383 servi
843 1351 951 1382 Attici.

173 1395 413 1435 Philadelphus,
436 1397 572 1426 Annius.
597 1396 678 1426 Phil.
704 1394 805 1433 XIII,
840 1398 888 1425 12.
913 1400 1023 1436 praeto-

127 1436 201 1474 rius,
218 1439 363 1469 beneficio
379 1439 517 1469 Caesaris.

175 1482 374 1519 Plzz'larchus,
391 1482 481 1512 Verr.
494 1482 537 1520 V,
563 1484 613 1512 12.
635 1481 863 1522 Centuripinus.
885 1481 948 1519 VI,
968 1484 1021 1512 34.

128 1522 332 1555 Haluntinus.

175 1568 398 1608 Philargyrus,
427 1568 466 1598 ad
489 1568 561 1598 Div.
584 1567 648 1606 VI,
676 1571 703 1597 1.
728 1567 854 1598 libertus
876 1567 919 1598 A.
943 1567 1021 1598 Tor-

132 1610 227 1650 quati.
251 1611 317 1641 Att.
331 1610 395 1649 IX,
416 1614 463 1642 15.
480 1611 534 1652 qui
550 1611 598 1649 sit,
613 1620 673 1641 non
689 1611 759 1641 satis
774 1617 898 1642 constat.

133 1694 149 1724 I
175 1654 327 1693 Phileros,
357 1664 468 1685 nomen
498 1654 585 1685 servi.
615 1664 670 1694 pro
700 1654 791 1684 Corn.
822 1653 848 1684 Ι.
879 1654 917 1685 ad
947 1653 1020 1684 Div.

152 1695 196 1733 X,
217 1700 264 1728 15.

177 1740 332 1779 Philinus,
351 1740 438 1772 Verr.
456 1739 517 1780 IV,
535 1743 586 1772 34.
604 1739 805 1772 Herbitensis.
