1122 1868
125 88 191 120 306
342 88 491 120 INDEX
515 89 800 122 HISTORICUS.

176 174 352 213 Nestorius,
368 175 406 205 ad
419 176 488 207 Div.
503 175 564 213 VI,
582 178 633 207 21.
649 186 704 218 pro
719 186 780 217 quo
797 175 895 205 Graev.
918 174 1016 204 Vesto-

131 218 202 248 rius
213 232 224 253 ,·
248 217 404 248 familiaris
420 219 581 250 Ciceronis.

178 262 355 297 Nicander,
371 260 589 302 Colophonius,
606 262 660 293 Or.
679 261 707 298 Ι,
724 262 772 291 16.
794 261 832 291 de
846 261 936 290 rebus
950 270 1017 290 rus-

132 302 199 333 ticis
221 303 346 343 scripsit.
370 304 504 345 Respicit
523 305 561 334 ad
583 310 738 343 Γεωργικα,
759 315 828 345 quae
851 304 889 332 ab
906 303 1018 332 Eusta-

133 346 198 376 thio
221 346 259 376 ad
284 346 408 377 Homer.
427 354 456 377 ct
476 347 575 378 Schol.
600 347 758 388 Aristoph.
783 346 955 377 laudantur.
975 345 1016 376 V.

136 389 253 419 Fabric.
270 389 308 418 Β.
327 390 366 419 G.
384 390 450 425 III,
467 391 518 419 26.

178 433 334 469 Nicanor,
351 432 418 462 Att.
436 433 477 467 V,
494 434 523 462 3.
543 444 643 463 servus
659 432 765 463 Attici.

177 476 321 511 Nicasio,
353 475 440 505 Verr.
466 476 508 507 V.
539 477 590 505 51.
618 475 770 505 Ennensis
793 479 920 504 senator.
947 473 1018 504 add.

135 516 204 547 Att.
226 517 307 555 XII,
335 520 364 547 5.
386 518 440 548 ubi
465 518 649 548 foeneratoris
671 527 782 548 nomen
809 523 864 555 est,
886 517 910 547 si
930 517 1018 547 lectio

137 570 220 590 sana.

179 605 272 641 Nice,
296 604 382 634 Verr.
400 603 461 642 VI,
478 605 529 634 30.
546 614 623 634 uxor
639 602 811 634 Cleomenis
826 602 1019 643 Syracusani,

137 644 241 676 Verris
257 646 432 677 concubina.

178 691 322 725 Niceros,
347 690 535 729 Syracusius,
561 689 656 720 Acad.
674 689 735 726 IV,
759 690 810 719 39.
827 688 930 719 omnia
944 693 1021 718 stare

134 731 218 767 dicit,
235 732 329 761 solani
342 737 452 762 terram
465 732 541 762 circa
552 743 641 763 axem
653 732 778 763 moveri.
800 731 1021 773 Pythagoreus,

135 774 244 804 rectius
263 775 404 811 Hicetas,
421 775 474 805 ubi
490 786 516 805 v.

178 818 291 847 Nicias
309 819 447 855 Curtius,
470 818 508 848 ad
529 818 600 848 Div.
624 817 686 857 IX,
713 821 760 849 10.
790 821 837 848 11.
853 817 922 847 Att.
938 815 1019 852 VII,

132 860 163 889 3.
180 860 212 889 it.
232 860 311 897 XII,
329 863 370 890 20·
396 861 623 900 grammaticus,
645 871 737 902 quem
750 860 854 892 Cicero
865 860 897 890 in
911 860 1019 890 Cilicia

132 912 233 933 secum
256 904 372 934 habuit.
396 904 464 934 Att.
487 903 587 940 XIII,
609 906 658 935 28.
684 915 702 934 a
720 903 884 934 Dolabella
898 902 1020 933 arcessi-

132 951 202 981 tur;
226 946 264 976 ad
281 957 362 983 eum,
376 953 496 977 auctore
508 947 661 984 Cicerone,
674 947 882 988 proficiscitur.
899 946 947 976 Cf.
967 947 1019 975 52.

133 988 182 1018 De
205 989 271 1019 loco
294 989 332 1019 ad
358 990 429 1019 Div.
456 989 535 1027 VII,
561 991 612 1027 23,
639 991 758 1020 dubitat
781 988 957 1019 Broukhus.
979 988 1019 1018 ad

131 1031 256 1061 Sueton.
280 1032 317 1062 de
333 1032 382 1062 Ill.
400 1032 540 1063 Gramm.
560 1043 585 1064 c.
605 1034 655 1071 14,
677 1043 716 1063 an
731 1033 770 1064 ad
784 1032 1017 1073 grammaticum

132 1074 289 1114 pertineat.

175 1118 273 1155 Nico,
290 1118 328 1148 ad
344 1118 415 1148 Div.
430 1117 509 1156 VII,
523 1120 574 1149 20.
589 1119 736 1157 medicus,
750 1123 818 1158 Περι
833 1123 1017 1155 Πολυφκγιας

131 1160 258 1199 scripsit.

174 1204 268 1242 Nico,
293 1204 324 1234 V
325 1215 380 1234 err.
406 1203 467 1240 VI,
492 1205 544 1235 30.
569 1204 774 1235 nobilissimus
797 1203 906 1244 pirata,
933 1213 951 1233 a
978 1202 1014 1233 P.

132 1245 258 1276 Servilio
273 1253 388 1287 captus.

174 1289 216 1318 N
216 1290 330 1326 icocles,
351 1296 508 1330 tyrannuS.
535 1290 598 1320 Off.
616 1289 662 1327 II,
679 1291 730 1320 23.
747 1291 784 1320 ab
800 1290 898 1320 Arato
912 1288 1016 1330 Sicyo-

127 1330 178 1361 nio
193 1341 353 1372 oppressus
368 1340 420 1363 est.
438 1334 478 1364 V.
496 1334 649 1363 Plutarch.
667 1334 698 1363 in
712 1334 821 1363 Arato.

174 1375 360 1413 Nicocreon,
384 1376 478 1407 Tusc.
505 1375 550 1414 11,
576 1380 626 1407 21.
640 1387 692 1406 rex
713 1377 817 1417 Cypri.
841 1375 882 1406 V.
905 1375 1012 1405 Anax-

132 1418 256 1448 archus.

175 1461 398 1498 AVicomaclztcs,
422 1462 490 1492 Fin.
504 1462 546 1500 V,
560 1464 589 1492 5.
603 1462 776 1492 Aristotelis
790 1461 882 1492 filius.

175 1504 399 1541 Nicomachus,
423 1505 512 1535 Brut.
542 1508 588 1536 18.
610 1505 713 1546 pictor.
740 1505 788 1535 De
812 1515 846 1535 eo
872 1515 900 1534 v.
926 1503 1012 1534 Plin.

131 1544 174 1575 H.
193 1546 233 1574 N.
253 1547 395 1583 XXXV,
416 1550 463 1577 10.
482 1554 511 1578 et
525 1548 658 1578 Junium
670 1548 700 1578 in
717 1548 813 1578 catal.
829 1546 950 1578 Artific.

174 1589 367 1627 Nicomedes,
392 1591 560 1629 Temnites,
578 1591 676 1621 Flacc.
694 1592 741 1621 18.

174 1632 366 1666 Nicomedes,
384 1633 472 1663 Verr.
496 1634 545 1672 II,
570 1637 621 1664 24.
637 1644 690 1664 rex
704 1633 870 1674 Bithyniae,
896 1631 1013 1664 Prusiae

131 1673 213 1703 filius
229 1680 258 1704 et
271 1675 426 1714 parricida.

177 1716 376 1757 Nicostratus,
400 1719 521 1751 Cluent.
538 1722 589 1751 62.
605 1730 708 1750 servus
720 1719 894 1761 Oppianici.
