1122 1868
153 50 197 82 2ss
435 50 584 84 INDEX
607 51 781 83 LEGUM.

157 136 240 178 quod
260 147 339 168 unus
364 136 492 169 Caesaris
517 143 546 168 et
568 138 707 179 Pompeii
730 136 857 168 nimiam
876 138 1042 178 potentiam

155 181 248 211 libere
263 180 465 211 insectaretur.
492 181 575 210 Nam
592 181 633 211 sic
655 181 757 211 ulcisci
772 181 886 221 equites
901 183 1040 222 putabat,

156 223 181 253 si
196 223 342 253 honorem
362 224 393 253 in
410 223 494 254 XIV
513 223 634 253 sedendi
654 224 819 259 adimeret;
843 224 964 264 plebem
987 234 1042 254 au-

156 272 230 303 tem,
247 266 270 296 si
286 266 486 303 frumentum,
503 266 584 306 quod
600 267 709 306 exiguo
721 267 816 306 pretio
832 277 847 296 e
863 266 1042 307 Semproni&

155 308 221 349 lege
236 320 253 338 a
269 309 412 339 Terentio
428 316 455 338 et
472 309 575 339 Cassio
590 320 624 339 ac
640 310 731 348 paulo
745 315 814 339 ante
829 319 847 338 a
862 316 966 339 senatu
983 309 1042 339 Ca-

156 352 233 381 tonis
248 352 422 382 auctoritate
434 352 464 381 in
481 352 728 381 consuetudinem
744 359 772 382 et
789 362 878 381 usum
894 351 1043 389 revocata,

158 395 352 434 accipiebant.
376 394 538 424 Manutius
555 394 665 424 adeum
680 395 781 425 locum
797 404 858 425 non
874 394 944 425 satis
956 404 1043 425 accu-

158 442 241 467 ratus
257 443 308 467 est.

202 481 321 517 Clodia,
343 482 379 510 P.
402 481 504 511 Clodii
518 481 586 511 trib.
600 481 642 522 pl.
662 480 701 511 A.
721 481 761 511 U.
775 481 848 511 695.
874 480 942 510 Hac
958 480 1044 511 Sem-

159 523 272 563 proniae
287 523 362 563 legis
377 524 557 554 beneficium
578 530 701 554 auctum
718 529 770 554 est.
797 523 885 554 Tulit
900 523 993 559 enim,
1010 528 1045 553 ut

159 566 251 605 gratis
277 565 398 596 daretur
424 566 624 603 frumentum,
651 567 733 607 quod
758 572 846 597 antea
870 566 990 596 semisse
1012 575 1046 595 ac

160 608 268 638 triente
294 608 431 639 dabatur.
455 609 549 640 Dom.
580 611 640 645 103
669 611 752 641 Sext.
784 611 846 645 253
869 609 983 639 Ascon.
1012 608 1045 638 in

165 650 227 681 Pis.
245 652 275 681 4.

207 695 348 731 Octavia,
373 695 420 724 M.
441 695 571 732 Octavii,
588 695 644 725 Cn.
667 696 703 725 F.
720 695 774 736 qui
794 695 892 735 legem
907 693 1044 724 frumen-

160 737 269 767 tariam
286 738 457 774 (incertum,
475 738 610 778 quando)
627 739 707 775 tulit,
725 749 762 768 ex
778 738 840 779 qua
853 737 972 767 modica
986 737 1046 766 lar-

160 779 245 819 gitio,
274 786 303 810 et
328 780 387 810 illis
413 781 599 820 temporibus
624 781 798 818 necessaria,
824 781 926 816 fiebat,
951 779 1046 820 quod,

160 828 196 852 ut
212 822 322 863 Pighio
337 822 465 857 videtur,
482 824 581 862 majus
592 824 723 863 pretium
738 824 770 853 in
780 823 897 853 modios
913 822 1048 862 singulos

162 867 322 896 statuebat.
345 865 409 896 Cic.
435 866 498 896 Off.
522 867 568 903 II,
586 867 637 896 21.
653 867 707 896 Ad
723 877 794 897 eum
809 865 938 906 pertinet
953 865 1047 902 locus,

163 907 252 938 Brut.
279 910 331 947 62,
353 908 435 939 unde
454 914 547 950 patet,
571 914 658 940 aetate
677 908 726 939 M.
748 915 777 939 et
793 909 831 939 L.
854 907 979 938 Luculli
994 907 1048 937 flo-

162 960 266 982 ruisse.

206 994 247 1024 L.
268 995 410 1034 Philippi
428 994 554 1032 tribuni,
575 994 618 1024 A.
641 995 682 1025 U.
704 995 779 1032 649,
798 993 974 1035 perniciosa,
996 991 1048 1023 sed

162 1046 222 1067 non
239 1037 362 1077 perlata.
378 1038 400 1067 1.
419 1048 443 1067 c.

206 1080 434 1110 Frumentarz'a
452 1081 639 1119 Siculorum,
656 1090 725 1121 quae
741 1085 770 1110 et
786 1079 960 1110 Hieronica
977 1077 1051 1108 dici-

163 1128 222 1152 tur.
249 1123 322 1153 Vid.
346 1124 529 1153 IIieronica.

206 1166 304 1207 Fufia
316 1166 367 1196 lex
379 1166 456 1205 juris
468 1165 593 1206 publici,
606 1171 634 1196 et
647 1165 719 1206 reip.
734 1166 826 1196 Rom.
840 1163 1048 1200 saluberrima,

162 1208 231 1238 fuit.
255 1209 341 1238 Male
356 1209 387 1238 in
404 1209 556 1249 plerisque
570 1208 701 1249 vulgatis
716 1209 800 1239 libris
819 1209 849 1239 F
848 1208 917 1238 usia
933 1206 1053 1236 dicitur.

164 1251 204 1281 In
221 1251 382 1282 Graevianss.
398 1262 520 1292 quoque
535 1252 585 1281 hie
601 1251 726 1282 varietas
742 1257 806 1287 est;
831 1257 860 1281 et
883 1249 1049 1286 interdum,

163 1304 193 1324 v.
209 1305 235 1324 c.
251 1294 283 1324 in
305 1294 375 1325 Vat.
399 1295 430 1332 7,
450 1296 482 1331 9,
505 1295 539 1325 F
539 1295 607 1325 usia
628 1304 725 1324 errore
749 1303 909 1335 operarum
930 1302 1051 1332 expres-

164 1347 232 1367 sum
260 1343 313 1368 est.
338 1337 426 1367 Tulit
447 1348 514 1367 eam
533 1337 673 1367 tribunus
695 1337 821 1377 quidam
845 1336 972 1377 FzfiuS.
996 1334 1053 1364 Est

164 1385 280 1416 autem,
306 1385 342 1410 ut
362 1381 450 1410 AElz'a
473 1386 501 1411 et
523 1382 647 1411 Caecilia
666 1381 782 1416 Didia,
801 1379 839 1410 de
856 1378 948 1409 modo
971 1387 1054 1407 com-

164 1422 288 1452 itiorum
305 1428 334 1453 et
358 1424 462 1464 legum
486 1423 679 1454 ferendarum
703 1422 798 1464 (unde
821 1432 891 1453 cum
915 1421 951 1450 iis
975 1429 1054 1460 saepe

164 1465 247 1505 apud
264 1464 441 1496 Ciceronem
456 1465 677 1506 conjungitur),
694 1472 723 1497 et
734 1466 811 1496 inter
825 1463 957 1495 remedia
972 1462 1056 1492 furo-

165 1517 235 1537 rum
257 1508 489 1539 tribuniciorum
509 1509 646 1539 refertur.
668 1510 707 1539 In
731 1510 801 1540 Sen.
817 1519 847 1549 p.
873 1506 952 1537 Red.
969 1516 994 1535 c.
1009 1507 1052 1540 53

164 1549 197 1579 in
214 1550 285 1580 Vat.
302 1561 326 1581 c.
345 1552 376 1586 7.
394 1553 423 1581 9.
448 1551 606 1582 Sancitum
619 1557 681 1582 erat
695 1551 751 1581 hac
765 1551 842 1591 lege,
859 1560 898 1580 ‘ne
913 1548 1055 1579 omnibus

168 1593 267 1622 diebus
280 1594 375 1631 fastis
401 1595 488 1635 legem
503 1594 587 1634 ferri
608 1595 713 1624 liceret.
738 1594 787 1624 De
810 1594 900 1623 PrOV·
923 1592 1015 1622 Cons.
1029 1600 1054 1620 c.

169 1635 229 1669 193
254 1646 309 1675 pro
330 1636 414 1666 Sext.
439 1647 464 1666 c.
494 1638 543 1666 15.
566 1637 645 1676 Ejus
664 1637 756 1667 etiam
779 1635 904 1673 mentio,
924 1634 963 1664 ad
986 1633 1055 1664 Att-

165 1676 227 1713 IV,
247 1679 306 1714 163
333 1679 409 1709 Har.
428 1679 467 1709 R.
485 1680 547 1715 27:
571 1679 602 1709 in
620 1680 722 1710 Pison.
739 1679 769 1708 4.

212 1721 303 1762 Ftfia
327 1722 388 1761 lex,
414 1722 475 1753 lata
499 1733 517 1753 a
542 1722 579 1756 Q.
609 1723 695 1763 Fufio
720 1722 823 1753 Caleno
851 1722 926 1762 (non
952 1718 1054 1755 Fusio,
