1122 1868
133 49 170 76 12
396 47 543 79 INDEX
568 49 740 80 LEGUM.

128 131 248 162 duobus
263 132 418 165 ordinibus
436 135 551 175 judicia
573 145 591 165 a
613 134 704 165 Cotta
721 135 792 165 data
806 133 889 169 dicit,
910 132 941 163 id
965 132 1010 169 fit,

132 174 205 213 quia
231 175 423 207 tribunorum
447 178 519 208 ordo
553 187 613 207 non
646 183 835 215 numeratur,
864 181 900 205 ut
928 181 1014 206 sexta

129 217 230 248 classis
259 221 363 249 census
393 221 551 256 Tulliani;
576 221 630 254 (V.
659 220 834 260 interpretes
856 218 895 248 ad
919 219 940 248 1.
967 216 1010 256 c.)

128 259 210 290 unde
225 267 253 291 et
268 261 420 293 interdum
436 270 584 293 senatores
596 269 715 293 tantum
728 269 757 299 et
769 262 882 302 equites
896 270 1013 291 memo-

128 308 244 340 rantur,
257 310 302 338 ut,
315 316 370 345 pro
386 306 523 343 Fonteio,
536 316 560 336 c.
581 307 628 335 12.
653 306 730 344 Ejus
744 305 819 344 legis
835 314 913 344 saepe
928 312 1014 333 men-

129 345 172 374 tio
187 346 268 386 apud
287 346 474 386 Ciceronem,
491 360 518 378 v.
535 359 558 378 c.
575 349 654 378 Phil.
673 348 700 385 Ι,
718 350 747 385 3,
764 348 875 388 Agrar.
894 346 922 384 I,
939 347 968 375 2.

173 388 304 419 Aurelia
319 391 368 420 lex
381 398 645 428 commemoratur,
662 391 700 421 ad
715 391 755 429 Q.
774 391 824 420 Fr.
842 390 871 428 1,
888 390 919 427 3,
937 393 1012 419 extr.

130 441 199 471 quae
214 432 342 470 videtur,
358 440 508 474 quantum
524 445 539 464 e
562 440 703 464 contextu
717 434 853 472 judicare
874 431 955 467 licet,
977 432 1015 461 (Ie

129 475 246 504 ambitu,
262 477 412 506 sanxisse:
438 477 519 517 quod
535 477 624 507 etiam
641 477 798 507 videbatur
814 475 957 506 Manutio
976 473 1016 504 ad

130 516 150 546 L
167 527 191 547 c.
216 517 263 547 Ea
279 520 365 557 cujus
383 519 500 549 Aurelii
515 520 616 556 fuerit,
632 519 768 549 nondum
781 519 886 559 reperi.

175 560 326 599 Aureliae,
350 562 449 592 fratris
467 564 498 593 C.
518 563 642 593 Aurelii
659 564 756 593 Colcae.
779 561 851 592 Vid.
878 563 911 592 C.
927 562 1016 593 Cotcae

132 602 218 641 leges.

177 648 308 678 Cffcllia.
322 650 358 679 L.
378 651 526 686 Gscz'lz'zcs,
544 650 610 679 trib.
628 650 706 690 pleb.
723 648 844 679 consule
859 648 1014 684 Cicerone,

132 688 170 737 ᾼ.
188 690 228 719 U.
253 692 326 729 690,
344 693 414 722 tulit
439 695 475 722 cle
501 694 616 722 ambitu
638 692 748 732 legem,
772 691 833 732 quir
849 692 913 730 ejus
928 699 1017 731 poena

131 732 373 770 imminueretur,
390 742 419 765 et
434 746 468 765 ea
486 736 725 772 constitueretur,
742 745 811 775 quae
830 740 900 764 ante
915 732 1017 773 proxi-

130 784 214 804 mam
229 776 327 816 legem
336 778 449 808 fuisset.
474 779 569 813 Nam,
582 788 651 808 cum
667 778 758 807 frater
773 778 837 816 ejus
846 777 883 806 de
899 775 1017 806 ambitu

131 827 200 848 reus
220 819 316 849 factus
336 821 614 861 condemnatusque
635 829 720 855 esset,
745 820 819 850 adeo
845 829 923 859 aegre
947 817 1019 848 tulit

132 870 198 890 eam
214 872 309 901 poenae
325 864 529 900 acerbitatem,
551 874 620 904 quae
642 863 727 893 fratri
750 862 927 903 perferenda
941 866 1016 898 erat,

132 914 169 933 ex
184 905 250 943 lege
274 906 478 936 recentissima
498 906 676 947 Calpurnial,
693 912 727 936 ut
742 906 779 936 de
800 906 834 936 εἴη.
854 905 920 944 lege
935 903 1020 933 miti-

133 947 234 986 ganda
249 949 399 987 cogitaret.
434 948 542 990 Itaque
557 949 714 979 videbatur
737 949 772 979 e&
786 949 853 988 lege
867 958 913 977 res
934 945 1019 985 judi-

133 995 213 1019 catas
225 991 390 1021 rescindere
405 992 490 1022 velle.
515 992 585 1029 Sed,
602 998 751 1031 quantum
767 1001 783 1021 e
799 990 942 1021 Cicerone
957 988 1018 1019 col-

131 1032 225 1072 ligere
239 1033 319 1070 licet,
336 1044 397 1063 non
413 1040 456 1064 est
470 1035 595 1074 perlata.
622 1034 682 1064 Pro
697 1034 794 1070 Sulla,
811 1044 836 1063 c.
853 1034 905 1069 22,
922 1032 974 1062 23.

179 1077 303 1105 Caecilia
315 1077 430 1115 Didia,
446 1077 508 1107 lata
519 1088 536 1106 a
553 1078 586 1110 Q.
602 1077 717 1107 Caecz'lio
728 1077 850 1106 Metello
863 1081 892 1105 et
910 1077 945 1105 T.
954 1075 1018 1104 Di-

132 1119 183 1148 dio
207 1120 288 1148 Vivio
305 1130 377 1149 coss.
397 1119 440 1149 A.
455 1120 496 1149 U.
514 1120 588 1156 655,
612 1119 773 1149 utilissima
795 1118 908 1149 civitati
926 1118 1019 1148 Rom.

133 1161 214 1190 unde
226 1161 304 1191 inter
314 1162 447 1192 remedia
458 1162 530 1202 reip.
548 1162 675 1192 refertur
686 1173 703 1192 a
713 1162 776 1192 Cic.
793 1161 831 1192 ad
843 1162 911 1191 Att.
929 1160 977 1196 II,
987 1160 1020 1190 9.

133 1203 212 1242 Ejus
227 1204 288 1233 duo
303 1205 401 1245 capita
424 1205 506 1245 apud
528 1205 703 1235 Ciceronem
726 1204 858 1240 invenio,
876 1204 1018 1239 alterum,

133 1248 168 1276 de
185 1249 271 1276 modo
286 1248 389 1286 legum
400 1249 713 1287 promulgandarum,
729 1248 810 1278 Phil.
827 1247 869 1283 V,
886 1247 917 1276 3.
945 1246 1020 1276 Tri-

132 1290 211 1319 buni
228 1291 306 1329 pleb.
323 1292 462 1321 tulerunt
482 1293 519 1321 cle
537 1292 704 1330 provinciis
719 1314 797 1322 ......
813 1291 905 1321 IVum
926 1290 1020 1319 etiam

133 1333 214 1362 hanc
230 1335 323 1371 legem
334 1336 468 1374 populns
486 1336 575 1364 Rom.
593 1335 710 1373 accepit
723 1335 739 1364 52
756 1335 832 1374 quid
843 1334 859 1363 52
879 1333 1022 1372 promul-

132 1382 207 1414 gata
217 1378 294 1417 sicit
305 1377 321 1406 52
343 1378 419 1417 quid
431 1378 446 1407 52
470 1388 574 1407 ‘nonne
588 1383 661 1408 ante
677 1379 740 1407 lata
763 1388 859 1417 quam
873 1377 990 1415 scripta
1003 1374 1020 1404 32

135 1429 238 1449 nonne·
254 1426 327 1450 ante
342 1420 470 1459 factum
490 1423 632 1456 vidimus,
647 1421 911 1461 quamjiaeeurum
934 1419 1019 1458 quis-

136 1473 232 1501 quam
248 1468 295 1492 est
315 1465 517 1502 suspicatus?
546 1465 610 1494 Ubi
633 1466 681 1494 lea·
707 1464 826 1494 Cacilia
842 1468 871 1493 et
890 1463 992 1492 Didia
1004 1460 1021 1490 52

135 1506 190 1534 ubi
200 1508 419 1545 promulgatio,
436 1508 657 1537 trz'nmzdinum
672 1507 687 1536 2
705 1507 833 1537 alterum
849 1507 886 1535 de
902 1505 1022 1535 duabus

134 1549 224 1578 rebus
239 1559 300 1578 non
317 1550 381 1579 υηὰ
407 1551 470 1588 lege
485 1551 718 1590 conjungendis,
747 1549 828 1590 quod
854 1548 1020 1583 dicebatur,

129 1601 188 1629 per
200 1597 339 1622 saturam
350 1593 436 1629 ferre,
448 1604 502 1633 pro
515 1594 628 1630 Domo,
642 1603 666 1623 c.
680 1594 731 1622 20.
749 1592 834 1630 „taae
844 1597 895 1625 est,
908 1600 1020 1630 quaeso,

135 1635 197 1663 alia
215 1636 268 1669 vis,
287 1646 356 1675 quce
372 1636 531 1671 sententia,
549 1638 625 1676 legis
642 1636 772 1666 Caeciliae
788 1641 814 1665 et
826 1635 944 1668 Didiae,
960 1633 1023 1663 nisi

136 1678 213 1713 lld'c,
230 1688 268 1709 ne
277 1681 390 1719 populo
406 1690 524 1711 necesse
538 1681 590 1718 sit,
607 1681 640 1711 in
656 1678 827 1721 conjunctis
836 1678 924 1709 rebus
938 1686 1020 1708 com-
