1137 1848
350 101 499 133 INDEX
523 100 806 133 HISTORICUS.
961 103 1022 134 295

134 193 183 217 tus
199 192 244 218 est
264 196 282 217 a
296 185 478 225 diademate,
495 197 556 229 quo
571 193 661 228 caput
677 188 810 228 obljgare
825 186 950 223 solebat,
971 187 1022 217 ul-

133 229 208 260 ceris
230 229 358 269 alicujus
375 230 495 270 tegendi
516 230 626 261 causa:
652 231 706 260 Gr.
731 230 912 268 διαδουμευος.
937 230 1019 260 Plin.

131 271 294 308 XXXIV.
313 274 342 302 8.
368 278 396 303 et
413 273 633 303 Diadematum
658 279 687 302 et
708 272 939 302 Diadumenum
963 283 1018 313 ap-

134 315 238 355 pellat.
264 314 417 345 Caeterum
433 322 557 346 caveant
572 316 692 351 tirones,
709 325 746 345 ne
763 316 887 345 audiant
896 326 954 350 eos,
967 315 1020 356 qui

133 358 216 388 hunc
241 357 459 388 Diadematum
483 369 552 389 cum
566 358 740 388 Dalmatico
765 358 965 395 confundunt,
991 364 1020 388 et

132 411 187 440 pro
202 410 264 430 uno
279 400 402 437 habent,
419 411 489 431 cum
507 401 699 431 Dalmaticus
715 401 752 431 sit
768 400 944 430 Diademati
959 401 1020 430 fra-

132 449 176 472 ter
192 443 345 484 patruelis.
368 444 436 474 Scio
458 444 538 474 Plin.
561 444 641 481 VII,
665 446 715 473 44.
735 444 812 473 inter
828 443 1019 473 Macedonici

133 486 211 516 filios
227 496 462 516 commemorare
477 486 707 517 Dalmaticum:
725 486 776 516 sed
790 485 833 515 ibi
849 486 1020 525 reponenda

133 536 177 558 est
187 529 285 565 lectio,
298 539 391 569 quam
402 529 462 559 fere
477 539 581 560 omnes
596 529 666 559 libri
680 529 803 565 habent,
820 529 1020 559 Dimlematis

134 582 188 611 pro
208 573 408 602 Dalmaticis.
431 572 472 602 V.
496 572 649 602 Harduin.
673 572 712 601 ad
738 572 770 602 h.
790 572 811 601 1.
836 578 865 601 et
892 573 1019 602 Gesner.

135 614 253 644 Chrest.
272 615 352 644 Plin.
366 626 396 655 p.
413 615 485 650 217.
502 615 555 655 qui
566 621 666 645 tamen
676 615 866 645 Dalmaticis
881 614 1021 651 retinent,

135 663 164 686 et
180 667 234 697 pro
250 667 311 686 uno
325 664 491 697 utrumque
506 657 627 688 habent.
662 659 712 688 An
729 667 830 688 censor
845 657 946 693 fuerit,
963 657 1022 688 du·

132 700 221 729 bitari
245 699 339 730 video.
364 700 401 730 1..
419 700 564 730 Metellus
590 700 715 740 quidam
736 710 840 730 censor
858 700 916 729 fuit
947 710 1019 730 cum

135 741 195 773 Cn.
212 742 351 772 Domitio
369 746 411 772 A.
428 743 500 773 638.
533 743 583 772 Ad
598 744 629 772 h.
647 754 674 773 a.
691 743 832 783 Sigonius
844 748 942 783 putat.
956 753 1020 773 esse

137 785 258 815 Metelli
291 784 378 816 Calin
403 785 513 822 filium,
533 786 586 825 qui
613 787 650 816 A.
667 787 708 816 U.
725 787 786 816 (534
809 785 913 815 consul
936 785 1017 815 fuit:

133 833 221 858 recte.
245 828 315 865 Sed,
329 828 410 868 quod
426 835 515 868 negat
528 829 739 859 Dalmaticum
751 838 901 858 censorem
914 827 1018 865 fuisse,

137 871 202 909 ejus
223 881 312 901 causa
326 871 390 901 haec
405 877 459 907 est,
480 872 561 911 quod
577 871 785 902 Dalmaticum
801 882 819 900 a
838 870 1021 901 Diademato

135 922 196 943 non
212 914 406 951 discernebat,
424 920 457 944 ut
472 914 582 944 Burin.
598 914 636 944 ad
657 914 737 944 Vell.
756 913 801 951 ΙΙ,
820 918 848 943 3.

179 957 219 986 L.
240 957 380 986 Metellus
406 958 619 993 Dalmaticus‚
645 957 683 987 L.
711 957 799 988 Calvi
821 956 912 993 filius,
938 966 1020 986 cons.

135 1008 206 1029 cum
234 999 271 1028 L.
290 998 390 1035 Cotta,
409 1001 448 1029 A.
468 1001 540 1029 6:⁷34.
564 1000 651 1029 Verr.
674 999 719 1037 ΙΙ,
736 1002 788 1030 59.
813 999 849 1029 de
874 1000 938 1038 ejus
954 1009 1020 1028 ma-

133 1042 236 1071 nubiis
259 1053 274 1072 e
290 1042 453 1079 Dalmatis,
477 1042 610 1073 Castoris
634 1043 712 1073 aedes
738 1048 898 1073 exstructa.
931 1041 1020 1072 Verr.

135 1084 178 1121 V,
195 1087 246 1115 57.
271 1085 392 1115 Metelli
407 1086 547 1126 porticus.
573 1086 660 1115 Verr.
681 1085 726 1121 ΙΙ,
750 1088 800 1115 55.
826 1084 947 1115 Cluent.
965 1086 1016 1114 42.

135 1136 238 1157 censor
257 1138 327 1157 cum
354 1128 412 1157 Cn.
438 1128 585 1159 Domitio.
609 1129 649 1160 V.
677 1129 709 1159 in
733 1130 932 1159 Dz'ademato.
948 1127 1018 1157 add.

135 1168 239 1200 Valer.
256 1170 304 1200 M.
325 1170 421 1206 VIII.
439 1174 469 1201 5.
482 1172 509 1201 l.

180 1214 220 1243 L.
238 1215 393 1250 Metellus,
410 1214 512 1244 Pison.
535 1215 564 1244 4.
581 1214 622 1252 Q.
638 1214 749 1245 Marcii
774 1214 887 1253 collega
901 1213 932 1242 in
948 1223 1019 1243 con-

138 1255 252 1292 sulam,
270 1257 311 1286 A.
329 1258 401 1286 685.
427 1256 514 1287 Verr.
532 1257 560 1294 Ι,
577 1260 607 1287 9.
624 1264 733 1298 praetor
748 1257 856 1287 Siciliae
872 1256 926 1289 (A.
943 1255 1020 1295 683)

136 1302 227 1328 testes
243 1299 274 1328 in
294 1299 422 1329 Verrem
437 1300 554 1336 retinet,
580 1306 610 1330 et
633 1300 849 1330 accusationem
874 1299 1020 1338 impedire

137 1347 262 1371 conatur
275 1353 285 1377 ;
309 1341 346 1371 de
358 1352 419 1381 quo
434 1343 539 1372 multae
555 1343 584 1372 in
602 1342 738 1373 Verrinis
757 1342 896 1382 querelae,
913 1342 944 1370 in
960 1342 1022 1381 pri-

138 1383 198 1413 mis
220 1384 308 1414 Verr.
326 1383 390 1414 ΙΙΙ.
415 1384 471 1415 Est
487 1392 572 1425 pater
588 1385 710 1415 Cretici.
734 1385 854 1416 Fratres
869 1385 934 1422 ejus
950 1390 1022 1413 sunt

139 1425 181 1463 Q.
212 1433 241 1457 et
257 1427 306 1457 M.
331 1427 419 1457 Verr.
439 1428 468 1465 Ι,
496 1430 524 1458 9.
545 1429 591 1459 lO.
618 1428 658 1466 Q.
679 1428 782 1459 consul
805 1427 845 1458 A.
869 1427 910 1457 U.
934 1428 1019 1464 6843

138 1467 188 1498 Μ.
202 1477 312 1510 praetor
327 1470 431 1500 eodem
441 1480 530 1500 anno.

183 1514 223 1544 L.
246 1513 399 1550 Metellus,
415 1514 483 1543 Att.
500 1513 560 1549 IX,
579 1514 609 1544 6.
625 1513 668 1549 X,
685 1516 715 1542 4.
731 1513 798 1543 trib.
815 1513 857 1553 pl.
876 1522 961 1552 paene
973 1512 1020 1542 in-

134 1557 277 1587 terfectus
289 1562 332 1586 est
344 1557 432 1595 jussu
445 1557 582 1594 Caesaris,
596 1556 677 1597 quod
689 1557 715 1586 ei
724 1566 803 1597 saepe
817 1555 1022 1586 intercederet.

136 1596 218 1636 Ejus
232 1609 332 1629 socrus
348 1599 464 1629 Clodia.

182 1643 230 1672 M.
248 1643 405 1678 flletellus,
423 1641 509 1672 Verr.
522 1641 550 1679 I,
568 1644 597 1673 9.
611 1643 659 1673 10.
672 1647 792 1683 praetor,
808 1641 849 1672 A.
864 1642 935 1671 684.
952 1640 1022 1670 Att.

137 1679 184 1719 Π,
204 1683 231 1714 l.
243 1686 307 1723 ejus
321 1684 387 1714 ludi
398 1685 578 1725 gladiatorii.

186 1727 222 1762 Q.
237 1727 392 1764 Mamm,
411 1728 448 1758 L.
468 1728 509 1757 fil.
528 1729 615 1758 Brut.
635 1731 681 1757 14.
698 1728 802 1758 consul
815 1737 884 1758 cum
903 1726 939 1756 L.
957 1727 987 1756 V
989 1737 1021 1755 e-

139 1769 217 1801 turio
234 1769 372 1809 Philone,
391 1769 429 1802 A.
445 1771 517 1809 547.Ι
530 1778 558 1802 et
571 1771 696 1803 dictator
711 1781 791 1802 anno
806 1776 957 1811 sequente.
975 1769 1023 1799 De
