1137 1848
298 78 448 110 INDEX
467 77 755 110 HISTORICUS.
908 79 964 111 181

84 165 186 195 sulatu
203 174 257 195 suo
272 170 302 195 et
316 164 353 195 de
368 166 457 195 rebus
472 163 563 204 gestis
580 163 619 194 ad
633 163 675 194 A.
693 164 821 194 Furium
837 167 971 205 poetam,

88 207 310 248 Xenophonteo
319 217 426 247 genere
436 207 590 237 sermonis.
614 206 677 237 Off.
690 207 718 245 I,
736 208 786 241 37.
810 207 974 248 Exquisito

84 250 198 289 judicio
213 250 309 280 utitur
323 250 487 280 literarum.
513 249 586 279 ibid.
604 250 632 284 I,
655 250 706 279 30.
732 251 769 279 ln
786 252 974 281 sermonibus

87 292 225 333 quamvis
241 300 408 333 praepotens
420 298 506 328 esset,
520 302 599 321 unus
615 292 652 322 de
666 292 772 322 multis
787 292 954 323 videbatur.

131 336 167 369 Q.
185 337 318 372 Catulus,
341 335 382 373 Q.
400 335 436 365 F.
453 335 494 372 Q.
514 335 556 364 N.
575 335 666 365 Catil.
682 335 748 371 III,
769 336 816 364 lo.
836 335 973 366 dissentit

87 379 192 409 consul
219 377 328 419 (675.)
358 389 376 408 a
409 377 522 418 collega
555 377 683 417 Lepido,
715 377 767 417 qui
790 384 856 408 acta
881 379 976 409 Sullae

86 421 280 451 rescindenda
303 422 439 461 putabat.
464 421 554 451 Balb.
580 421 628 455 17.
651 427 755 450 auctor
769 427 813 450 est
828 431 898 451 cum
916 422 976 452 Le-

87 463 159 504 pido
184 463 301 493 foederis
329 463 480 493 Marciani
506 463 713 493 confirmandi.
741 463 829 493 Verr.
854 464 896 501 V,
922 465 974 494 31.

90 506 276 547 Capitolium
289 506 455 542 dedicavit3
479 506 561 535 unde
577 507 641 544 ejus
656 506 880 536 monimentum
903 507 977 537 dici-

89 555 148 579 tur.
174 550 238 579 Pis.
262 550 293 579 3.
318 549 494 579 Ciceronem
516 549 640 579 Patrem
662 548 773 578 Patriae
791 550 977 589 pronuntiat.

91 592 154 622 Off.
175 594 201 628 1,
218 594 268 621 22.
294 592 350 622 Cn.
363 592 509 631 Pompeio
524 602 578 632 par
591 591 752 630 judicatur.
777 592 852 621 coel.
869 594 920 623 29.
934 593 978 622 le-

91 645 161 675 gem
176 635 213 664 de
228 635 257 664 vi
273 635 354 671 tulit,
372 640 401 664 et
416 645 518 674 quare.
535 634 572 663 ad
590 635 660 664 Div.
681 633 741 671 IX,
761 637 810 664 15.
827 635 892 673 ejus
908 645 978 666 con-

94 677 210 707 stantia.
230 677 340 707 Manil.
360 678 409 711 17.
426 679 476 706 20.
501 677 578 717 Legi
589 677 728 707 Maniljae
739 677 856 707 resistit.
881 678 979 708 Caete-

90 730 159 750 rum
176 720 314 760 pluribus
329 720 396 749 aliis
407 719 479 749 locis
494 719 689 750 nominantur
700 729 728 750 et
743 727 828 760 pater
843 726 872 750 et
887 720 979 759 filius,

94 763 126 792 in
143 763 254 803 quibus
269 762 355 793 facile
370 762 446 792 ratio
461 768 633 803 temporum
654 772 812 803 agnoscere
827 773 981 804 quemque

94 805 221 836 docebit.

137 849 168 878 C.
184 849 346 885 Caudinus,
357 849 478 879 Cluent.
490 848 541 878 38.
554 854 681 879 senator.
698 848 875 889 Cognomen
890 848 980 879 fami-

93 891 143 921 liae
158 891 316 923 Corneliae.

65 944 69 948 ’
138 936 179 965 L.
199 937 322 965 Caulius
332 935 467 974 nstv-gns,
485 934 606 965 Cluent.
623 936 674 965 38.
691 941 819 966 senator.

144 979 275 1018 Cecrops,
291 979 367 1018 Leg.
382 979 432 1015 ll,
449 980 501 1015 25,
521 979 576 1008 &a

141 1023 235 1057 Celer,
258 1022 326 1052 Att.
342 1021 386 1058 X,
406 1021 433 1049 1.
455 1020 583 1050 disertus
601 1021 709 1061 magis,
731 1031 824 1061 quam
840 1021 958 1062 sapiens
971 1034 980 1052 z

94 1066 210 1097 amicus
224 1064 341 1094 Attici:
365 1073 426 1093 non
442 1063 483 1100 Q.
500 1063 646 1093 Metellus
663 1064 757 1094 Celer.

141 1108 178 1142 Q.
195 1109 289 1144 Celer,
302 1107 370 1137 Att.
387 1106 447 1141 VI,
461 1107 490 1135 3.
503 1106 582 1145 Ejus
598 1106 692 1136 oratio
703 1113 806 1137 contra
821 1107 869 1137 M.
884 1108 984 1138 Servi-

95 1152 184 1182 lium.
208 1150 280 1181 Vid.
296 1150 328 1179 in
344 1150 503 1179 Bletellus.

143 1195 175 1224 C.
194 1195 377 1231 Censorinus,
399 1192 488 1222 Brut.
505 1193 556 1227 67.
580 1192 685 1223 Graece
703 1192 820 1230 doctus,
843 1192 985 1225 inimicus

98 1237 165 1268 fori.

144 1280 180 1310 L.
200 1279 392 1315 Censorinus,
418 1278 507 1308 Brut.
525 1279 576 1313 27.
599 1278 697 1309 Acad.
720 1278 768 1315 II,
795 1279 846 1308 32.
871 1278 986 1310 Consul

99 1333 170 1354 cum
187 1322 327 1352 Manilio.
344 1322 434 1351 Brut.
453 1323 504 1352 90.
528 1321 659 1356 Orator3
677 1322 756 1351 bello
767 1321 847 1351 civili
862 1322 989 1352 Sullano

101 1365 199 1408 periit.
223 1365 264 1394 V.
282 1366 321 1394 L.
338 1366 495 1394 illm-cius.

148 1409 331 1445 Ceusmz'uus,
349 1407 429 1437 Phil.
446 1406 509 1444 XI,
527 1409 556 1437 5.
568 1407 606 1437 de
620 1407 750 1437 Antonii
765 1407 910 1448 partibus.

149 1451 325 1485 Cemaurw,
345 1450 418 1480 Nat.
436 1450 535 1486 D.11,
553 1451 604 1479 44.
621 1450 710 1479 sidus.

149 1494 324 1531 Centum-us,
341 1493 414 1523 Div.
429 1492 456 1530 Ι,
474 1494 524 1523 43.
541 1493 572 1522 in
588 1493 749 1532 Capitolio,
765 1492 802 1522 de
818 1493 890 1522 coelo
902 1493 991 1524 ictus.

148 1538 181 1568 C.
201 1538 298 1567 Cema.
325 1536 412 1567 Orat.
428 1536 475 1571 II,
495 1537 547 1571 71.
568 1535 709 1565 dissuasit
728 1537 826 1576 legen]
843 1536 994 1567 Cinciam.

103 1580 282 1620 Cognomen
297 1578 421 1608 familiae
437 1578 582 1608 Claudiae.

145 1625 195 1654 M.
214 1624 364 1661 Ceparm,
381 1621 419 1651 ad
434 1621 506 1651 Div.
524 1621 587 1659 IX,
598 1621 650 1651 23.
673 1621 713 1651 V.
733 1623 904 1661 Caeparius.

149 1667 272 1704 Cepasz'i,
288 1664 409 1695 Cluent.
426 1666 476 1694 20.
493 1664 610 1702 fratres,
627 1670 765 1695 oratores.
789 1665 826 1694 V.
843 1665 866 1694 C
867 1666 978 1705 aepasii.

152 1708 296 1745 Cephalio,
311 1711 381 1739 Att.
397 1706 478 1746 VII,
494 1708 546 1738 25.
558 1706 634 1738 forte
649 1717 750 1739 servus
766 1708 873 1738 Attici.

151 1751 299 1788 (clavis.)
756 1759 780 1781 R
