1137 1848
356 48 505 80 INDEX
528 49 812 83 HISTORICUS.
960 50 1024 81 263

191 134 228 169 Q.
251 135 417 169 Labienus,
440 135 545 166 Rabir.
563 135 652 166 Perd.
674 136 704 172 7.
725 137 765 167 T.
784 141 932 178 patruus;
957 145 1027 167 cum

145 178 309 209 Saturnino
327 177 513 218 Capitolium
529 184 664 218 occupat.

186 221 313 258 Laches,
338 221 412 251 Div.
430 221 457 259 Ι,
475 222 527 259 54,
552 227 662 262 praetor
676 221 926 259 Atheniensium,
946 221 1026 263 fugit

145 274 215 295 cum
231 265 350 294 Socrate
364 270 433 305 post
447 274 583 305 pugnam
599 264 681 304 apud
696 264 834 295 Delium.

188 307 282 343 Laco,
305 307 500 347 Anagninus.
518 307 598 337 Phil.
615 307 664 345 II,
681 309 733 338 41.
748 318 828 339 unus
843 308 880 339 de
895 307 944 338 M.
957 308 1028 338 An-

143 351 218 380 tonii
232 349 458 390 gladiatoribus.

188 394 351 430 Lacz'adae,
374 393 464 423 Offic.
480 393 530 431 ΙΙ,
548 396 594 424 18.
610 394 736 424 curiales
754 392 901 425 Cimonis.

188 437 340 475 Lacydes,
357 446 395 466 ex
420 436 590 467 Academia
616 436 660 466 II.
685 437 780 467 Acad.
799 437 860 474 IV,
877 438 906 466 6.
923 435 1030 466 retinet

148 478 290 509 Arcesilae
304 479 461 509 rationem.
478 478 570 510 Tusc.
588 479 629 519 V,
645 481 697 515 37.
712 479 930 520 peregrinatur.

189 521 306 557 Ladas,
332 523 370 552 ad
394 522 530 552 Herenn.
552 521 609 560 IV,
635 526 666 554 3.
685 533 795 553 nomen
817 522 940 552 celebris
963 531 1032 551 cur-

144 565 218 595 soris
233 564 264 594 in
281 564 475 605 Olympicis:
492 566 580 605 cujus
594 566 707 596 mentio
722 576 770 606 ap.
789 564 902 597 Catull.
915 576 961 605 ep.
979 566 1031 593 55.

142 608 195 638 ubi
210 618 239 638 v.
259 607 374 638 Mutet.

188 651 241 679 M.
259 650 369 689 Loeca,
393 660 409 679 e
425 650 549 689 Porciis‚
567 650 656 681 Catil.
674 651 703 687 Ι,
720 650 751 680 4.
767 650 864 681 socius
880 650 1029 681 Catilinae.

188 692 297 729 Laelia,
325 693 361 723 C.
383 692 419 722 F.
441 703 541 723 socrus
564 693 602 723 L.
626 693 739 731 Crassi,
759 694 909 733 eleganter
930 692 1030 733 loqui-

142 741 201 766 tur.
227 736 317 766 Brut.
341 736 392 765 58.
416 746 514 766 sermo
540 737 604 775 ejus
627 737 720 776 patris
750 736 897 776 eleganti&
921 735 1032 765 tinctus

143 784 205 809 erat
218 789 226 808 z
253 778 330 809 duas
344 778 421 808 filias
437 779 558 809 Mucias
574 784 603 809 et
617 779 692 809 duas
708 784 813 819 neptes
829 778 961 808 Licinias
976 778 1031 808 ha-

140 821 216 852 buit.

189 865 224 895 C.
242 864 372 898 Lcelz'us,
396 864 547 905 Sapientis
568 870 663 905 pater.
692 864 773 895 Phil.
794 863 856 902 XI,
874 865 903 899 7.
927 862 1033 893 consul

144 917 214 938 cum
231 907 269 936 L.
286 906 425 947 Scipione
446 907 589 944 Asiatico,
613 908 656 938 A.
680 908 752 937 563.
776 907 874 938 socius
897 911 966 937 ante
986 916 1033 936 re-

145 960 214 980 rum
230 954 382 990 gestarum
398 951 436 980 ab
453 950 597 980 Africano
612 952 735 990 majore.

189 994 221 1023 C.
242 992 371 1030 Laelius,
388 992 424 1023 C.
440 994 476 1023 F.
492 993 617 1033 Sapiens
629 994 738 1030 dictus,
755 992 818 1024 Off.
834 991 885 1028 II.
902 995 950 1022 ll.
966 990 1032 1029 III,

144 1038 175 1066 4.
196 1036 251 1066 &c.
269 1034 360 1065 Tusc.
377 1035 422 1073 V,
446 1036 495 1067 19.
519 1037 624 1066 consul
645 1037 737 1066 semel
760 1035 830 1071 fuit,
855 1040 884 1065 et
909 1035 1034 1075 quidem

144 1088 214 1108 cum
241 1077 374 1119 repulsfi,
401 1079 446 1110 A.
472 1080 544 1109 613.
576 1078 671 1109 Hunc
697 1079 798 1109 locum
821 1077 970 1118 pertinere
996 1076 1035 1107 ad

144 1121 279 1151 Laelium
296 1121 471 1161 Sapientem
493 1122 579 1152 docet
597 1121 723 1152 Corrad.
737 1121 768 1151 in
787 1126 894 1161 quaest.
910 1131 941 1159 p.
958 1121 1033 1150 382.

145 1163 236 1194 Offic.
254 1164 302 1202 II,
323 1167 332 1194 l
346 1167 370 1194 l.
394 1164 549 1196 Viriatum
562 1164 747 1194 Lusitanum
759 1164 830 1194 vicit
841 1174 878 1194 ex
890 1162 1034 1204 praetur'ii.

144 1206 214 1237 Fin.
245 1205 291 1245 II,
318 1207 348 1237 8.
373 1206 544 1248 Diogenem
565 1207 701 1238 Stoicum
727 1206 853 1243 audivit,
875 1211 905 1236 et
926 1206 1034 1235 Panae-

143 1249 233 1279 tium.
256 1249 312 1280 Or.
330 1248 377 1288 II,
400 1254 449 1281 84.
466 1251 585 1291 scripsit
606 1250 762 1280 Tuberoni
778 1249 955 1284 orationem,
972 1248 1035 1288 qu&

143 1291 325 1322 Africanum
337 1294 522 1324 avunculum
528 1293 672 1324 laudavit.
685 1292 758 1322 Nat.
770 1292 813 1322 D.
828 1291 895 1329 III,
908 1293 938 1321 2.
952 1291 1034 1322 Phil.

143 1335 193 1371 II,
210 1338 261 1366 33.
278 1345 386 1375 augur.
410 1336 466 1367 Or.
487 1335 552 1374 III,
574 1336 604 1371 7.
624 1336 656 1366 in
672 1335 798 1365 dicendo
812 1334 898 1365 lenis.
920 1333 984 1364 Off.
1001 1332 1030 1371 I,

143 1378 195 1407 30.
214 1378 245 1407 in
260 1387 295 1407 eo
309 1379 408 1408 multa
430 1379 574 1409 hilaritas.
592 1379 621 1415 I,
646 1379 697 1409 26.
713 1378 744 1407 in
759 1377 843 1408 omni
854 1376 917 1407 vit&
932 1387 1034 1417 aequa-

143 1420 221 1450 bilis.
245 1420 314 1450 Att.
340 1419 402 1458 IV,
427 1425 475 1452 16.
500 1421 603 1462 generi
628 1422 693 1460 ejus
716 1420 757 1458 Q.
786 1420 918 1451 Scaevola
940 1424 970 1449 et
996 1418 1032 1450 C.

141 1462 289 1493 Fannius.

184 1506 230 1535 D.
247 1505 376 1543 Loelz'us,
400 1505 456 1537 Or.
476 1506 528 1545 II,
542 1506 572 1536 6.
591 1511 702 1543 orator,
728 1505 766 1536 L.
785 1504 895 1536 Crasso
910 1504 1028 1535 adoles-

143 1554 227 1578 cente
242 1548 354 1586 floruit,
374 1549 420 1579 vir
434 1550 544 1585 bonus,
560 1554 590 1579 et
609 1548 798 1579 mediocriter
812 1547 927 1578 doctus.
949 1547 1032 1577 Hinc

143 1590 259 1620 dictum
272 1591 396 1625 Lucilii.
410 1591 467 1623 Or.
478 1592 527 1629 II,
541 1592 570 1621 6.
583 1594 606 1609 “
617 1591 756 1622 Persium
768 1600 828 1622 non
841 1601 912 1621 curo
921 1590 1031 1630 legere,

143 1633 187 1663 D.
205 1633 338 1664 Laelium
354 1635 454 1666 volo.''
471 1635 533 1676 Ap.
545 1634 629 1664 Plin.
647 1635 691 1665 H.
704 1635 746 1664 N.
760 1633 788 1669 Ι,
808 1634 835 1664 1.
851 1632 1031 1663 Harduinus

143 1686 172 1748 ἓ
188 1676 274 1750 libras
299 1687 355 1751 εξῖ.
384 1677 478 1710 edidit
505 1679 645 1711 Junium
673 1679 826 1718 Congum.
851 1686 945 1719 quem
970 1674 1031 1707 vid.

174 1729 244 1750 men
268 1720 306 1751 ,Ι
341 1743 351 1753 .
