1137 1848
343 75 493 106 INDEX
516 74 801 107 HISTORICUS.
959 76 1018 107 153

176 163 206 192 S.
221 161 359 197 Accilius,
376 162 543 201 Gavianus,
571 164 654 193 Sext.
675 163 727 192 34.
749 162 889 193 tribunus
909 162 1019 204 plebis,

132 205 186 244 qui
197 204 348 235 Ciceronis
361 206 579 236 restitutionem
590 205 768 246 impedierat
782 217 789 235 ε
807 208 972 236 Serranum
988 215 1019 235 se

131 249 264 277 ferebat:
288 248 448 288 adoptatus
469 249 501 278 in
522 248 670 278 famiiiam
687 249 839 278 Attiham.
860 249 910 278 De
926 259 971 286 eo,
989 254 1019 278 et.

131 287 169 320 de
183 290 240 320 hoc
254 290 330 328 loco,
347 302 373 321 v.
391 292 528 321 Perizon.
543 292 564 321 l.
581 301 606 321 c.

173 334 277 362 Accius
300 334 421 371 Navius,
442 334 479 365 de
496 335 568 364 Div.
591 333 619 371 1,
647 335 694 369 17.
715 345 824 375 augur,
844 340 977 364 tentatur
1001 344 1019 364 a

130 375 300 416 Tarquinio
317 377 429 407 Prisco.
452 377 612 407 Novacum
627 385 723 407 cotem
739 377 885 418 praecidit.

174 424 205 447 (2.
221 421 330 457 Attius,
345 421 501 460 Pelignus,
518 422 583 450 Att.
599 419 696 458 vm,
708 423 737 450 4.
762 421 909 451 Sulmone
920 425 1021 460 portas

131 462 249 502 aperuit
263 464 399 492 Antonio
415 465 446 492 in
462 464 542 493 bello
557 463 646 493 civili.

175 505 210 534 L.
229 509 328 535 Αιιιιω
344 509 441 546 poeta.
465 506 537 537 Υἱοὶ.
556 509 673 537 Accaus.

172 548 224 579 M.
241 551 340 579 Amas
356 549 483 586 Balbus,
503 549 582 579 Phil.
602 549 669 587 111,
686 550 718 580 6.
740 550 906 590 praetorius.

175 590 209 619 P.
228 594 341 631 Attius,
365 593 433 622 Att.
450 591 530 630 vll,
551 597 599 624 13.
623 593 662 623 V.
683 593 714 622 in
728 595 767 623 P.
800 595 910 632 Varus,
935 597 964 622 et
984 591 1016 621 in

130 634 258 665 Accius.

179 678 210 707 'J'-
228 679 338 714 Attius,
352 677 473 708 Cluent.
489 678 542 707 23.
558 685 711 709 accusator
726 678 870 709 Cluentii.

170 722 284 756 Attius,
299 720 337 750 ad
353 720 424 750 Div.
442 721 518 757 XV,
541 722 586 756 17.
602 722 832 762 pigmentarius-

169 765 298 800 Λαειιιε,
318 763 357 792 ad
379 763 451 793 Div.
474 763 574 802 XIII,
594 766 645 795 50.
670 766 818 806 (Acilius)
837 763 1010 805 proconsul,

127 806 255 848 Sulpicii
271 816 428 836 successor.

171 857 225 880 ιιι.
241 851 395 890 Aufidius,
418 849 510 880 Tusc.
533 849 597 887 Qu.
613 850 656 888 V,
673 851 724 881 39.
741 850 909 891 praetorius,
927 849 1015 880 Cice-

124 902 197 923 rone
211 903 316 934 puero,
340 902 445 929 caecus,
465 893 496 922 in
517 900 655 923 senatum
674 900 776 923 tamen
792 893 883 923 venit.
907 893 1014 922 Histo-

124 935 201 965 riam
218 938 357 966 Graecam
372 935 497 976 scripsit.
514 934 562 966 Cf.
579 936 616 966 de
632 937 701 966 l'in.
718 937 759 976 V,
783 940 828 967 19.
854 936 946 966 Doni.
967 939 1016 966 13.

123 978 248 1019 adoptat
264 978 403 1009 Oresten.

167 1024 247 1052 δαί.
261 1023 417 1062 Aufidius,
433 1021 472 1050 ad
487 1021 560 1051 Div.
576 1021 660 1059 XII,
677 1023 728 1052 26.
745 1023 796 1057 27.

171 1064 202 1096 7¹.
217 1065 371 1102 Aufidzus,
387 1064 441 1093 Bt.
453 1066 503 1093 48.
520 1065 632 1101 Jews,
648 1065 686 1094 T.
700 1065 839 1095 Juventii
854 1069 883 1094 et
898 1064 935 1094 P.
949 1064 1011 1094 Or-

121 1107 164 1138 bii
185 1108 324 1144 aeinulus,
347 1108 438 1136 frater
460 1107 508 1136 M.
526 1108 658 1147 Virgilii.
688 1108 775 1138 Ideni
800 1118 862 1138 esse
877 1107 1008 1145 videtur,

119 1151 173 1191 qui
188 1152 287 1181 Flacc.
309 1154 354 1181 19.
372 1156 481 1190 praetor
493 1151 576 1181 Asiae
593 1158 734 1188 vocatum
759 1159 793 1181 ut
804 1151 903 1191 placet
918 1150 1009 1180 etiam

121 1194 255 1225 Uorrado
270 1193 309 1223 ad
323 1194 469 1224 Brutum.

161 1238 314 1276 Aufidius,
330 1238 398 1266 Att.
419 1235 446 1273 1,
469 1239 493 1266 l.
515 1236 592 1266 inter
610 1247 659 1266 eos
673 1236 807 1277 ponitur,
830 1246 906 1277 quos
926 1245 1009 1265 com-

117 1281 258 1320 petitores
274 1279 411 1310 Ciceroni
425 1279 457 1308 in
473 1280 630 1309 consulatu
650 1280 713 1309 fore
733 1279 836 1320 opinio
854 1284 926 1309 erat.
950 1278 1009 1308 Di-

117 1333 219 1353 versus
235 1329 279 1353 est
293 1324 331 1352 ab
348 1322 499 1358 Lurcone,
521 1322 575 1362 qui
591 1333 625 1352 eo
640 1322 702 1352 fere
717 1329 851 1362 tempore
865 1322 1007 1351 tribunus

117 1365 214 1406 plebis
230 1366 296 1395 fuit.
324 1366 412 1395 Forte
427 1371 471 1395 est
486 1365 526 1394 T.
542 1365 700 1400 Aufidius,
711 1365 748 1395 de
763 1376 824 1405 quo
839 1372 918 1394 ante.

160 1410 283 1447 Ausim,
305 1410 375 1438 Att.
398 1408 459 1446 VI,
485 1411 510 1438 1.
530 1408 645 1438 amicus
666 1407 828 1438 Ciceronis.
853 1407 1005 1437 Corradus

116 1452 237 1490 conjicit
252 1453 361 1491 diflus-

159 1496 309 1533 Amanus,
327 1493 423 1524 Acad.
443 1493 504 1531 IV,
529 1495 580 1523 25.
605 1493 803 1533 Puteolanus,
819 1493 935 1523 amicus
951 1493 1003 1523 Ci-

116 1538 238 1568 ceronis.

159 1581 191 1610 C.
209 1581 343 1609 Αιὶαηαε
361 1579 579 1617 Hammonius,
601 1579 639 1609 ad
662 1579 734 1609 Div.
757 1579 859 1617 XIII,
877 1583 928 1610 21.
951 1579 1001 1609 M.

114 1623 236 1653 AEmiui
250 1623 365 1653 Aviani
376 1623 512 1661 libertus,
523 1623 603 1653 idem
614 1629 668 1660 est,
680 1623 734 1663 qui
745 1633 792 1663 ep.
806 1626 858 1653 25.
875 1624 910 1652 U.
922 1622 1003 1652 Avi-

114 1675 191 1696 anus
206 1666 351 1696 Euander
365 1666 484 1696 dicitur.
501 1667 539 1696 ad
554 1665 626 1695 Div.
644 1666 673 1696 V
678 1665 723 1703 11,
740 1670 792 1696 23.
808 1665 978 1695 statuarius.

159 1709 191 1739 C.
208 1710 368 1747 Amnius,
386 1709 433 1739 vel
446 1710 592 1746 Amans,
606 1708 742 1739 Flaccus.
757 1708 795 1739 ad
811 1708 883 1738 Div.
900 1707 999 1746 XIII,

112 1752 164 1781 35.
181 1753 233 1787 37.
