1122 1868
130 60 194 96 270
346 56 495 89 INDEX
518 55 805 88 HISTORICUS.

130 146 169 176 de
184 146 249 184 ejus
264 144 337 175 actis
352 143 552 174 rescindendis
574 143 654 180 tulit,
678 142 878 173 intercedente
898 141 934 181 Q.
954 143 1013 174 Ca.

131 189 197 218 tulo
210 199 219 224 ς
243 187 324 217 unde
335 196 445 227 magna
456 186 559 216 seditio
572 192 600 215 et
615 185 700 215 civile
716 186 830 215 bellum
842 192 943 216 ortum
959 192 1012 217 est.

131 231 216 261 verr.
239 230 298 267 IV,
315 231 366 260 91.
381 235 490 270 praetoi·
506 229 615 259 Siciliae
637 234 706 258 ante
729 229 776 258 Μ.
792 228 978 267 Antonium,
995 240 1013 260 a

131 284 193 315 quo
208 273 337 313 graviter
347 272 446 303 vexati
462 278 532 301 sunt
547 271 650 301 Siculi.

175 318 233 346 Μ’
258 316 394 355 Lepidus,
411 314 513 345 consul
538 325 607 344 cum
634 314 670 343 1..
688 314 827 344 Volcatio
847 314 953 352 Tullo,
972 314 1011 347 A.

131 359 203 393 687.
236 359 303 389 Att.
320 357 420 393 VIII,
437 358 465 386 (ι’.
501 356 590 387 Catil.
614 355 641 393 Ι,
658 357 687 385 G.
717 357 754 386 ad
782 357 846 386 Att.
864 356 943 395 VII,
962 360 1011 388 12.

130 401 313 442 Pompeium
328 406 412 431 extra
433 399 553 429 Italiam
570 399 754 440 sequendum
771 405 871 440 negat.

174 446 220 474 M.
249 445 386 482 Lepidus,
411 443 561 478 triumvir,
591 443 666 471 Har.
693 443 787 482 Resp.
813 444 842 473 6.
865 442 1012 483 pontifex.

133 487 215 517 Phil.
227 486 268 524 V,
291 489 335 517 14.
352 485 489 526 pontifex
505 485 667 514 maximus.
691 485 762 514 Mil.
779 487 808 515 5.
825 486 890 524 ejus
904 485 981 516 aedes
996 497 1014 516 a

131 530 295 567 Clodianis,
313 529 406 559 occiso
423 527 542 565 Clodio,
556 534 782 568 oppugnantur.
808 528 886 557 Phil.
901 529 942 565 V,
964 531 1011 558 14.

134 576 181 603 15.
204 573 277 613 reip.
304 578 333 602 et
355 571 550 611 optimatibus
574 570 664 607 favet,
682 577 710 600 et
726 572 808 600 sext.
831 570 1014 610 Pompeium

128 616 278 649 restituit;
306 614 385 644 unde
407 613 434 642 ei
457 618 555 642 statua
580 613 724 652 equestris
748 612 879 653 ponitur.
900 613 966 649 III,
985 616 1016 644 9.

131 658 310 699 supplicatio
326 657 352 687 ei
365 655 542 686 decernitur.
559 655 597 685 ad
616 655 685 685 Div.
703 655 746 692 X,
763 656 792 685 6.
818 655 898 686 Phil.
916 655 1016 693 XIII,

132 704 163 732 4.
178 701 215 731 ad
231 710 335 740 pacem
352 709 422 729 cum
443 696 578 728 Antonio
594 697 740 728 hortatur.
757 698 795 728 ad
816 698 887 728 Div.
905 699 949 736 X,
966 703 1018 730 20.

133 745 198 783 ejus
214 743 286 773 fides
302 742 424 771 incerta.
440 745 490 770 21.
507 740 632 780 perfidia
648 742 720 780 ejus.
736 740 817 779 XII,
835 745 878 771 10.
892 742 985 773 hostis
1000 753 1018 773 a

129 792 234 817 senatu
251 785 412 824 judicatur.
438 783 590 813 Instaurat
604 784 731 821 bellum,
749 782 831 825 quod
847 784 1016 815 confectum

127 829 243 858 fuisset.
277 827 387 868 Lepidi
410 826 479 856 duae
494 826 637 866 epistolae,
655 827 747 857 altera
767 827 805 856 ad
827 827 1014 866 Ciceronem,

129 872 223 901 altera
233 871 270 900 ad
286 871 317 901 S.
332 871 367 900 P.
384 869 424 906 Q.
440 870 478 899 R.
495 874 565 898 sunt
581 868 618 898 ad
637 868 707 899 Div.
725 870 767 907 X,
785 872 836 899 34.
855 872 907 900 35,
932 869 1015 901 Con-

132 914 181 944 sul
196 914 255 944 fuit
270 924 340 943 cum
358 911 394 943 C.
413 911 543 947 Caesare,
562 910 601 941 A.
618 913 692 948 707,
708 913 850 952 magister
865 913 1015 953 equitum,

129 957 273 987 dictatore
287 955 417 993 Caesare,
436 955 475 984 A.
493 955 564 989 708.
589 955 693 984 consul
710 954 755 993 Il,
771 956 903 997 A.-711,
921 957 978 987 &a

177 1000 291 1038 Lepiso,
309 999 407 1028 Flacc.
422 1002 472 1028 22.
487 997 672 1027 Trallianus.

179 1042 216 1078 Q.
240 1042 345 1081 Lepta,
368 1040 407 1071 ad
422 1040 495 1070 Div.
513 1038 577 1075 ΙΙΙ,
594 1040 624 1075 7.
647 1040 803 1080 praefectus
828 1041 948 1073 fabrfim
965 1042 1018 1073 Ci-

134 1084 248 1115 ceronis
263 1084 294 1115 in
311 1083 428 1123 Cilicia,
450 1083 489 1113 ad
506 1082 581 1112 Div.
604 1082 665 1121 Vl,
687 1085 733 1114 18.
750 1085 814 1123 ejus
836 1084 916 1115 filius
935 1086 1017 1126 Lep-

137 1133 177 1158 ta.

182 1171 328 1209 Leptines,
352 1169 408 1201 Or.
431 1173 483 1201 31.
513 1167 718 1207 Atheniensis,
744 1175 846 1201 contra
869 1180 961 1211 quem
976 1176 1021 1202 est

136 1212 352 1244 Demosthenis
367 1213 470 1243 oratio.

179 1256 329 1294 Leptines,
346 1256 426 1286 Phil.
446 1254 507 1295 IX,
525 1259 554 1287 2.
569 1265 726 1297 percussor
749 1256 805 1287 Cn.
829 1256 958 1295 Octavii,
973 1256 1017 1288 le-

134 1299 197 1338 gati
213 1299 251 1329 ad
267 1299 466 1329 Antiochum.

180 1342 289 1381 Lepus,
307 1343 381 1372 Nat.
395 1342 436 1371 D.
457 1341 502 1379 II,
519 1343 571 1372 44.
587 1341 678 1373 sidus.

179 1384 314 1424 Letilz'as,
330 1385 418 1415 Verr.
437 1384 502 1423 ΙΙΙ,
528 1387 578 1417 26.
594 1384 767 1416 tabellarius
794 1386 831 1417 L.
848 1386 968 1417 Metelli
982 1386 1014 1417 in

138 1426 250 1457 Sicilia.

180 1470 361 1509 Leucippus,
383 1473 456 1503 Nat.
476 1472 519 1502 D.
546 1471 573 1509 Ι,
592 1473 642 1502 2³..
667 1472 731 1510 ejus
747 1472 839 1502 atomi
861 1472 1021 1513 reprehen-

134 1510 258 1560 duntur.
281 1513 379 1544 Acad.
394 1515 454 1553 IV,
472 1519 523 1547 37.
539 1516 576 1545 de
591 1515 679 1556 pleno
692 1520 720 1545 et
729 1514 812 1546 inani
826 1516 927 1546 omnia
936 1515 1020 1556 gigni

139 1559 255 1585 statuit.

180 1598 357 1636 Leucolhea,
376 1601 450 1631 Nat.
475 1601 517 1632 D.
544 1600 609 1637 ΙΙΙ,
638 1603 685 1631 15.
712 1600 779 1638 Ino,
804 1601 871 1631 Dea
892 1601 1019 1631 marina.

136 1639 230 1669 Tusc.
248 1640 276 1677 l,
295 1645 345 1671 22.
357 1654 425 1683 quae
437 1645 500 1674 sit?
525 1645 585 1679 IV,
603 1647 654 1674 3-1.
677 1643 810 1684 Turpilii
822 1644 935 1674 fabula.

180 1683 227 1712 M.
250 1684 402 1721 Levinius,
428 1687 516 1716 Verr.
539 1687 599 1725 IV,
622 1690 673 1718 54.
697 1692 805 1727 praetor
831 1686 949 1719 Siciliae.
977 1687 1019 1718 V.

139 1724 297 1766 Piglu'um,
314 1727 354 1758 A.
373 1729 445 1760 544.
471 1730 511 1760 V.
536 1731 682 1762 Laevinus.
