<?xml version="1.0" encoding="UTF-8"?>
<!DOCTYPE html PUBLIC "-//W3C//DTD XHTML 1.0 Transitional//EN"
    "http://www.w3.org/TR/xhtml1/DTD/xhtml1-transitional.dtd">
<html xmlns="http://www.w3.org/1999/xhtml" xml:lang="en" lang="en">
 <head>
  <title>
</title>
<meta http-equiv="Content-Type" content="text/html;charset=utf-8" />
  <meta name='ocr-system' content='tesseract 3.04.00' />
  <meta name='ocr-capabilities' content='ocr_page ocr_carea ocr_par ocr_line ocrx_word'/>
</head>
<body>
  <div class='ocr_page' id='page_1' title='image "./operaern12ciceuoft_0043.png"; bbox 0 0 1137 1848; ppageno 0'>
   <div class='ocr_carea' id='block_1_1' title="bbox 361 90 971 126">
    <p class='ocr_par' dir='ltr' id='par_1_1' title="bbox 361 90 971 126">
     <span class='ocr_line' id='line_1_1' title="bbox 361 90 971 126; baseline -0.01 0"><span class='ocrx_word' id='word_1_1' title='bbox 361 95 509 126; x_wconf 89' lang='lat' dir='ltr'>INDEX</span> <span class='ocrx_word' id='word_1_2' title='bbox 533 92 706 125; x_wconf 79' lang='lat' dir='ltr'><strong>LEGUM.</strong></span> <span class='ocrx_word' id='word_1_3' title='bbox 933 90 971 120; x_wconf 80' lang='grc'>31</span> 
     </span>
    </p>
   </div>
   <div class='ocr_carea' id='block_1_2' title="bbox 73 176 966 1805">
    <p class='ocr_par' dir='ltr' id='par_1_2' title="bbox 75 176 966 564">
     <span class='ocr_line' id='line_1_2' title="bbox 81 176 966 224; baseline -0.009 -10"><span class='ocrx_word' id='word_1_4' title='bbox 81 183 213 214; x_wconf 83' lang='lat' dir='ltr'>civitates</span> <span class='ocrx_word' id='word_1_5' title='bbox 225 183 383 224; x_wconf 82' lang='lat' dir='ltr'><strong>deponere,</strong></span> <span class='ocrx_word' id='word_1_6' title='bbox 397 181 577 221; x_wconf 86' lang='lat' dir='ltr'>easdemque</span> <span class='ocrx_word' id='word_1_7' title='bbox 591 179 717 210; x_wconf 85' lang='lat' dir='ltr'>totidem</span> <span class='ocrx_word' id='word_1_8' title='bbox 729 178 826 209; x_wconf 88' lang='lat' dir='ltr'>verbis</span> <span class='ocrx_word' id='word_1_9' title='bbox 838 176 876 206; x_wconf 87' lang='lat' dir='ltr'>ad</span> <span class='ocrx_word' id='word_1_10' title='bbox 891 187 966 207; x_wconf 66' lang='grc' dir='ltr'>ωηι-</span> 
     </span>
     <span class='ocr_line' id='line_1_3' title="bbox 81 220 963 265; baseline -0.009 -9"><span class='ocrx_word' id='word_1_11' title='bbox 81 226 161 256; x_wconf 88' lang='lat' dir='ltr'>rium</span> <span class='ocrx_word' id='word_1_12' title='bbox 186 226 295 256; x_wconf 86' lang='lat' dir='ltr'>referre</span> <span class='ocrx_word' id='word_1_13' title='bbox 318 225 392 265; x_wconf 77' lang='lat' dir='ltr'>(Ep.</span> <span class='ocrx_word' id='word_1_14' title='bbox 409 224 448 254; x_wconf 88' lang='lat' dir='ltr'>ad</span> <span class='ocrx_word' id='word_1_15' title='bbox 461 224 533 254; x_wconf 81' lang='lat' dir='ltr'>Div.</span> <span class='ocrx_word' id='word_1_16' title='bbox 550 224 590 260; x_wconf 84' lang='lat' dir='ltr'>V,</span> <span class='ocrx_word' id='word_1_17' title='bbox 603 224 667 259; x_wconf 81' lang='lat'>20;</span> <span class='ocrx_word' id='word_1_18' title='bbox 693 221 739 259; x_wconf 81' lang='grc' dir='ltr'>ΙΙ,</span> <span class='ocrx_word' id='word_1_19' title='bbox 759 222 819 256; x_wconf 85' lang='grc'>17;</span> <span class='ocrx_word' id='word_1_20' title='bbox 843 220 882 250; x_wconf 84' lang='lat' dir='ltr'>ad</span> <span class='ocrx_word' id='word_1_21' title='bbox 893 222 963 249; x_wconf 89' lang='lat' dir='ltr'>Att.</span> 
     </span>
     <span class='ocr_line' id='line_1_4' title="bbox 80 263 964 308; baseline -0.009 -9"><span class='ocrx_word' id='word_1_22' title='bbox 80 269 141 305; x_wconf 81' lang='lat' dir='ltr'>VI,</span> <span class='ocrx_word' id='word_1_23' title='bbox 159 270 191 305; x_wconf 90' lang='lat'>7)</span> <span class='ocrx_word' id='word_1_24' title='bbox 206 280 214 298; x_wconf 73' lang='grc' dir='ltr'><strong>ε</strong></span> <span class='ocrx_word' id='word_1_25' title='bbox 240 279 277 298; x_wconf 90' lang='lat' dir='ltr'>ne</span> <span class='ocrx_word' id='word_1_26' title='bbox 292 267 439 308; x_wconf 82' lang='lat' dir='ltr'>praetoriae</span> <span class='ocrx_word' id='word_1_27' title='bbox 454 267 534 296; x_wconf 86' lang='lat' dir='ltr'>ultra</span> <span class='ocrx_word' id='word_1_28' title='bbox 549 275 676 303; x_wconf 89' lang='lat' dir='ltr'>annum,</span> <span class='ocrx_word' id='word_1_29' title='bbox 699 264 869 295; x_wconf 85' lang='lat' dir='ltr'>consulares</span> <span class='ocrx_word' id='word_1_30' title='bbox 885 263 964 292; x_wconf 81' lang='lat' dir='ltr'>ultra</span> 
     </span>
     <span class='ocr_line' id='line_1_5' title="bbox 78 305 964 348; baseline -0.008 -7"><span class='ocrx_word' id='word_1_31' title='bbox 78 311 245 348; x_wconf 75' lang='lat' dir='ltr'>biennium,</span> <span class='ocrx_word' id='word_1_32' title='bbox 262 311 476 341; x_wconf 83' lang='lat' dir='ltr'>obtinerentur.</span> <span class='ocrx_word' id='word_1_33' title='bbox 501 309 582 338; x_wconf 86' lang='lat' dir='ltr'>Phil.</span> <span class='ocrx_word' id='word_1_34' title='bbox 600 308 629 346; x_wconf 89' lang='lat' dir='ltr'>I,</span> <span class='ocrx_word' id='word_1_35' title='bbox 647 310 675 338; x_wconf 86' lang='lat'>8.</span> <span class='ocrx_word' id='word_1_36' title='bbox 701 308 780 346; x_wconf 82' lang='lat' dir='ltr'>Quae</span> <span class='ocrx_word' id='word_1_37' title='bbox 795 312 896 336; x_wconf 86' lang='lat' dir='ltr'>autem</span> <span class='ocrx_word' id='word_1_38' title='bbox 913 305 964 334; x_wconf 85' lang='lat' dir='ltr'>lex</span> 
     </span>
     <span class='ocr_line' id='line_1_6' title="bbox 75 348 962 392; baseline -0.007 -9"><span class='ocrx_word' id='word_1_39' title='bbox 75 353 170 392; x_wconf 55' lang='lat' dir='ltr'>lubia,</span> <span class='ocrx_word' id='word_1_40' title='bbox 199 354 277 383; x_wconf 88' lang='lat' dir='ltr'>Phil.</span> <span class='ocrx_word' id='word_1_41' title='bbox 302 352 366 389; x_wconf 69' lang='grc' dir='ltr'>ΙΙΙ,</span> <span class='ocrx_word' id='word_1_42' title='bbox 392 354 441 389; x_wconf 81' lang='lat'>15,</span> <span class='ocrx_word' id='word_1_43' title='bbox 464 357 728 388; x_wconf 83' lang='lat' dir='ltr'>commemoratur,</span> <span class='ocrx_word' id='word_1_44' title='bbox 745 360 782 380; x_wconf 83' lang='lat' dir='ltr'>ex</span> <span class='ocrx_word' id='word_1_45' title='bbox 798 348 859 389; x_wconf 67' lang='lat' dir='ltr'>qua</span> <span class='ocrx_word' id='word_1_46' title='bbox 880 349 962 378; x_wconf 84' lang='lat' dir='ltr'>Bru-</span> 
     </span>
     <span class='ocr_line' id='line_1_7' title="bbox 77 391 963 435; baseline -0.008 -9"><span class='ocrx_word' id='word_1_47' title='bbox 77 402 155 435; x_wconf 86' lang='lat' dir='ltr'>tum,</span> <span class='ocrx_word' id='word_1_48' title='bbox 178 397 337 433; x_wconf 86' lang='lat' dir='ltr'>Plancum,</span> <span class='ocrx_word' id='word_1_49' title='bbox 359 395 504 435; x_wconf 85' lang='lat' dir='ltr'>aliosque,</span> <span class='ocrx_word' id='word_1_50' title='bbox 525 394 692 435; x_wconf 82' lang='lat' dir='ltr'>provincias</span> <span class='ocrx_word' id='word_1_51' title='bbox 712 393 846 423; x_wconf 88' lang='lat' dir='ltr'>obtinere</span> <span class='ocrx_word' id='word_1_52' title='bbox 864 391 963 431; x_wconf 83' lang='lat' dir='ltr'>place-</span> 
     </span>
     <span class='ocr_line' id='line_1_8' title="bbox 79 433 963 479; baseline -0.009 -10"><span class='ocrx_word' id='word_1_53' title='bbox 79 440 131 469; x_wconf 85' lang='lat' dir='ltr'>bat</span> <span class='ocrx_word' id='word_1_54' title='bbox 155 439 302 475; x_wconf 80' lang='lat' dir='ltr'>Ciceroni,</span> <span class='ocrx_word' id='word_1_55' title='bbox 328 437 520 479; x_wconf 88' lang='lat' dir='ltr'>privilegium</span> <span class='ocrx_word' id='word_1_56' title='bbox 544 436 614 473; x_wconf 83' lang='lat' dir='ltr'>fuit,</span> <span class='ocrx_word' id='word_1_57' title='bbox 642 447 703 477; x_wconf 91' lang='lat' dir='ltr'>quo</span> <span class='ocrx_word' id='word_1_58' title='bbox 728 435 775 466; x_wconf 82' lang='lat' dir='ltr'>his</span> <span class='ocrx_word' id='word_1_59' title='bbox 801 433 963 475; x_wconf 58' lang='lat' dir='ltr'>provincia}</span> 
     </span>
     <span class='ocr_line' id='line_1_9' title="bbox 78 476 960 519; baseline -0.009 -7"><span class='ocrx_word' id='word_1_60' title='bbox 78 481 142 511; x_wconf 82' lang='lat' dir='ltr'>istae</span> <span class='ocrx_word' id='word_1_61' title='bbox 157 482 234 512; x_wconf 85' lang='lat' dir='ltr'>datae</span> <span class='ocrx_word' id='word_1_62' title='bbox 250 487 320 511; x_wconf 90' lang='lat' dir='ltr'>sunt</span> <span class='ocrx_word' id='word_1_63' title='bbox 335 486 437 511; x_wconf 85' lang='lat' dir='ltr'>contra</span> <span class='ocrx_word' id='word_1_64' title='bbox 451 480 550 519; x_wconf 85' lang='lat' dir='ltr'>legem</span> <span class='ocrx_word' id='word_1_65' title='bbox 567 480 778 518; x_wconf 79' lang='lat' dir='ltr'>Semproniam,</span> <span class='ocrx_word' id='word_1_66' title='bbox 795 487 864 518; x_wconf 82' lang='lat' dir='ltr'>quae</span> <span class='ocrx_word' id='word_1_67' title='bbox 879 476 960 506; x_wconf 72' lang='lat' dir='ltr'>sCto</span> 
     </span>
     <span class='ocr_line' id='line_1_10' title="bbox 79 520 958 564; baseline -0.007 -10"><span class='ocrx_word' id='word_1_68' title='bbox 79 524 196 554; x_wconf 84' lang='lat' dir='ltr'>decerni</span> <span class='ocrx_word' id='word_1_69' title='bbox 211 534 285 554; x_wconf 85' lang='lat' dir='ltr'>coss.</span> <span class='ocrx_word' id='word_1_70' title='bbox 302 530 332 554; x_wconf 82' lang='lat' dir='ltr'>et</span> <span class='ocrx_word' id='word_1_71' title='bbox 346 528 444 564; x_wconf 86' lang='lat' dir='ltr'>praett.</span> <span class='ocrx_word' id='word_1_72' title='bbox 460 521 621 562; x_wconf 68' lang='lat' dir='ltr'>designatis</span> <span class='ocrx_word' id='word_1_73' title='bbox 636 521 804 562; x_wconf 83' lang='lat' dir='ltr'>provincias</span> <span class='ocrx_word' id='word_1_74' title='bbox 821 520 958 558; x_wconf 83' lang='lat' dir='ltr'>jubebat.</span> 
     </span>
    </p>

    <p class='ocr_par' dir='ltr' id='par_1_3' title="bbox 73 563 963 1805">
     <span class='ocr_line' id='line_1_11' title="bbox 121 563 961 605; baseline -0.007 -8"><span class='ocrx_word' id='word_1_75' title='bbox 121 569 206 598; x_wconf 73' lang='grc' dir='ltr'>ιῙιιίία</span> <span class='ocrx_word' id='word_1_76' title='bbox 225 568 261 596; x_wconf 77' lang='grc' dir='ltr'>(ἰε</span> <span class='ocrx_word' id='word_1_77' title='bbox 276 567 453 605; x_wconf 52' lang='lat' dir='ltr'>repetunda,</span> <span class='ocrx_word' id='word_1_78' title='bbox 467 565 529 594; x_wconf 83' lang='lat' dir='ltr'>lata</span> <span class='ocrx_word' id='word_1_79' title='bbox 544 564 574 593; x_wconf 90' lang='lat' dir='ltr'>in</span> <span class='ocrx_word' id='word_1_80' title='bbox 595 565 693 604; x_wconf 85' lang='lat' dir='ltr'>primo</span> <span class='ocrx_word' id='word_1_81' title='bbox 708 563 876 599; x_wconf 77' lang='lat' dir='ltr'>consulam,</span> <span class='ocrx_word' id='word_1_82' title='bbox 893 568 961 602; x_wconf 88' lang='lat' dir='ltr'>post</span> 
     </span>
     <span class='ocr_line' id='line_1_12' title="bbox 81 605 963 648; baseline -0.007 -9"><span class='ocrx_word' id='word_1_83' title='bbox 81 610 283 648; x_wconf 78' lang='lat' dir='ltr'>Calpurniam,</span> <span class='ocrx_word' id='word_1_84' title='bbox 300 609 433 643; x_wconf 81' lang='lat' dir='ltr'>Aciliam,</span> <span class='ocrx_word' id='word_1_85' title='bbox 450 608 612 642; x_wconf 75' lang='lat' dir='ltr'>Serviliam,</span> <span class='ocrx_word' id='word_1_86' title='bbox 631 608 805 644; x_wconf 82' lang='lat' dir='ltr'>Corneliam,</span> <span class='ocrx_word' id='word_1_87' title='bbox 818 605 963 634; x_wconf 82' lang='lat' dir='ltr'>acerrima</span> 
     </span>
     <span class='ocr_line' id='line_1_13' title="bbox 76 647 957 692; baseline -0.008 -9"><span class='ocrx_word' id='word_1_88' title='bbox 76 659 106 683; x_wconf 89' lang='lat' dir='ltr'>et</span> <span class='ocrx_word' id='word_1_89' title='bbox 117 653 292 692; x_wconf 77' lang='lat' dir='ltr'>justissima.</span> <span class='ocrx_word' id='word_1_90' title='bbox 306 652 388 681; x_wconf 84' lang='lat' dir='ltr'>Sext.</span> <span class='ocrx_word' id='word_1_91' title='bbox 405 651 445 680; x_wconf 69' lang='lat'>(14</span> <span class='ocrx_word' id='word_1_92' title='bbox 460 661 469 685; x_wconf 90' lang='grc'><strong>;</strong></span> <span class='ocrx_word' id='word_1_93' title='bbox 493 660 548 690; x_wconf 89' lang='lat' dir='ltr'>pro</span> <span class='ocrx_word' id='word_1_94' title='bbox 561 650 638 679; x_wconf 81' lang='lat' dir='ltr'>Rab.</span> <span class='ocrx_word' id='word_1_95' title='bbox 654 650 689 678; x_wconf 89' lang='lat' dir='ltr'>P.</span> <span class='ocrx_word' id='word_1_96' title='bbox 703 659 727 679; x_wconf 92' lang='lat' dir='ltr'>c.</span> <span class='ocrx_word' id='word_1_97' title='bbox 743 650 783 684; x_wconf 85' lang='lat'>4;</span> <span class='ocrx_word' id='word_1_98' title='bbox 807 648 839 677; x_wconf 93' lang='lat' dir='ltr'>in</span> <span class='ocrx_word' id='word_1_99' title='bbox 852 648 882 678; x_wconf 90' lang='lat' dir='ltr'>V</span> <span class='ocrx_word' id='word_1_100' title='bbox 884 647 957 678; x_wconf 77' lang='lat' dir='ltr'>atin-</span> 
     </span>
     <span class='ocr_line' id='line_1_14' title="bbox 76 692 960 733; baseline -0.009 -7"><span class='ocrx_word' id='word_1_101' title='bbox 76 698 109 733; x_wconf 80' lang='lat'>3,</span> <span class='ocrx_word' id='word_1_102' title='bbox 129 697 176 725; x_wconf 80' lang='lat'>12.</span> <span class='ocrx_word' id='word_1_103' title='bbox 201 694 238 725; x_wconf 89' lang='lat' dir='ltr'>In</span> <span class='ocrx_word' id='word_1_104' title='bbox 255 695 316 724; x_wconf 83' lang='lat' dir='ltr'>Pis.</span> <span class='ocrx_word' id='word_1_105' title='bbox 333 695 370 723; x_wconf 76' lang='lat'>21</span> <span class='ocrx_word' id='word_1_106' title='bbox 388 705 395 723; x_wconf 73' lang='grc' dir='ltr'><strong><em>ι</em></strong></span> <span class='ocrx_word' id='word_1_107' title='bbox 415 693 511 722; x_wconf 81' lang='lat' dir='ltr'>Ausus</span> <span class='ocrx_word' id='word_1_108' title='bbox 527 699 566 722; x_wconf 79' lang='lat' dir='ltr'>est</span> <span class='ocrx_word' id='word_1_109' title='bbox 583 692 743 729; x_wconf 81' lang='lat' dir='ltr'>Gabinius,</span> <span class='ocrx_word' id='word_1_110' title='bbox 762 693 867 732; x_wconf 72' lang='lat' dir='ltr'>(mitto,</span> <span class='ocrx_word' id='word_1_111' title='bbox 884 692 960 720; x_wconf 60' lang='lat' dir='ltr'>entire</span> 
     </span>
     <span class='ocr_line' id='line_1_15' title="bbox 75 734 959 777; baseline -0.007 -9"><span class='ocrx_word' id='word_1_112' title='bbox 75 740 111 768; x_wconf 82' lang='lat' dir='ltr'>de</span> <span class='ocrx_word' id='word_1_113' title='bbox 124 736 286 777; x_wconf 64' lang='lat' dir='ltr'>provincia)</span> <span class='ocrx_word' id='word_1_114' title='bbox 301 738 422 766; x_wconf 67' lang='lat' dir='ltr'>educere</span> <span class='ocrx_word' id='word_1_115' title='bbox 437 737 603 772; x_wconf 62' lang='lat' dir='ltr'>exercitum,</span> <span class='ocrx_word' id='word_1_116' title='bbox 617 734 712 775; x_wconf 87' lang='lat' dir='ltr'>(quod</span> <span class='ocrx_word' id='word_1_117' title='bbox 724 735 796 765; x_wconf 83' lang='lat' dir='ltr'>olim</span> <span class='ocrx_word' id='word_1_118' title='bbox 808 734 874 773; x_wconf 82' lang='lat' dir='ltr'>lege</span> <span class='ocrx_word' id='word_1_119' title='bbox 889 743 959 773; x_wconf 86' lang='lat' dir='ltr'>pro-</span> 
     </span>
     <span class='ocr_line' id='line_1_16' title="bbox 76 776 958 811; baseline -0.007 0"><span class='ocrx_word' id='word_1_120' title='bbox 76 781 208 811; x_wconf 84' lang='lat' dir='ltr'>hibitum</span> <span class='ocrx_word' id='word_1_121' title='bbox 234 790 293 810; x_wconf 89' lang='lat' dir='ltr'>non</span> <span class='ocrx_word' id='word_1_122' title='bbox 317 779 407 809; x_wconf 78' lang='lat' dir='ltr'>fuisse</span> <span class='ocrx_word' id='word_1_123' title='bbox 421 779 529 808; x_wconf 85' lang='lat' dir='ltr'>docent</span> <span class='ocrx_word' id='word_1_124' title='bbox 552 777 669 807; x_wconf 87' lang='lat' dir='ltr'>Duker.</span> <span class='ocrx_word' id='word_1_125' title='bbox 692 783 721 808; x_wconf 90' lang='lat' dir='ltr'>et</span> <span class='ocrx_word' id='word_1_126' title='bbox 739 776 895 807; x_wconf 83' lang='lat' dir='ltr'>Drakenb.</span> <span class='ocrx_word' id='word_1_127' title='bbox 920 776 958 805; x_wconf 80' lang='lat' dir='ltr'>ad</span> 
     </span>
     <span class='ocr_line' id='line_1_17' title="bbox 80 820 956 859; baseline -0.008 -5"><span class='ocrx_word' id='word_1_128' title='bbox 80 824 148 854; x_wconf 82' lang='lat' dir='ltr'>Liv.</span> <span class='ocrx_word' id='word_1_129' title='bbox 159 823 307 858; x_wconf 83' lang='lat' dir='ltr'>XXVII,</span> <span class='ocrx_word' id='word_1_130' title='bbox 319 823 374 859; x_wconf 74' lang='lat'><strong>43.)</strong></span> <span class='ocrx_word' id='word_1_131' title='bbox 385 822 489 851; x_wconf 80' lang='lat' dir='ltr'>bellum</span> <span class='ocrx_word' id='word_1_132' title='bbox 501 820 554 850; x_wconf 70' lang='lat' dir='ltr'>suci</span> <span class='ocrx_word' id='word_1_133' title='bbox 565 827 661 859; x_wconf 79' lang='lat' dir='ltr'>sponte</span> <span class='ocrx_word' id='word_1_134' title='bbox 671 831 781 859; x_wconf 83' lang='lat' dir='ltr'>gerere,</span> <span class='ocrx_word' id='word_1_135' title='bbox 794 821 822 849; x_wconf 83' lang='lat' dir='ltr'>in</span> <span class='ocrx_word' id='word_1_136' title='bbox 833 830 956 859; x_wconf 75' lang='lat' dir='ltr'>regnum</span> 
     </span>
     <span class='ocr_line' id='line_1_18' title="bbox 75 863 959 904; baseline -0.007 -8"><span class='ocrx_word' id='word_1_137' title='bbox 75 869 189 904; x_wconf 72' lang='lat' dir='ltr'>injussu</span> <span class='ocrx_word' id='word_1_138' title='bbox 198 867 297 904; x_wconf 77' lang='lat' dir='ltr'>populi</span> <span class='ocrx_word' id='word_1_139' title='bbox 306 872 355 894; x_wconf 74' lang='lat' dir='ltr'>au(</span> <span class='ocrx_word' id='word_1_140' title='bbox 368 864 485 894; x_wconf 64' lang='lat' dir='ltr'>senatus</span> <span class='ocrx_word' id='word_1_141' title='bbox 498 865 634 893; x_wconf 77' lang='lat' dir='ltr'><em>accedere</em></span> <span class='ocrx_word' id='word_1_142' title='bbox 646 875 656 900; x_wconf 76' lang='lat'>,-</span> <span class='ocrx_word' id='word_1_143' title='bbox 674 874 740 903; x_wconf 79' lang='lat' dir='ltr'>quoe</span> <span class='ocrx_word' id='word_1_144' title='bbox 755 874 820 893; x_wconf 87' lang='lat' dir='ltr'>cum</span> <span class='ocrx_word' id='word_1_145' title='bbox 828 863 959 901; x_wconf 55' lang='lat' dir='ltr'>plurinum</span> 
     </span>
     <span class='ocr_line' id='line_1_19' title="bbox 77 906 958 950; baseline -0.007 -11"><span class='ocrx_word' id='word_1_146' title='bbox 77 911 151 950; x_wconf 81' lang='lat' dir='ltr'>leges</span> <span class='ocrx_word' id='word_1_147' title='bbox 172 915 287 944; x_wconf 82' lang='lat' dir='ltr'>veteres,</span> <span class='ocrx_word' id='word_1_148' title='bbox 312 914 374 938; x_wconf 81' lang='lat' dir='ltr'>tum</span> <span class='ocrx_word' id='word_1_149' title='bbox 395 908 441 936; x_wconf 70' lang='lat' dir='ltr'>lex</span> <span class='ocrx_word' id='word_1_150' title='bbox 467 907 603 936; x_wconf 77' lang='lat' dir='ltr'>Cornelia</span> <span class='ocrx_word' id='word_1_151' title='bbox 623 907 787 947; x_wconf 72' lang='lat' dir='ltr'>majestatis,</span> <span class='ocrx_word' id='word_1_152' title='bbox 811 906 897 935; x_wconf 79' lang='lat' dir='ltr'>Julia</span> <span class='ocrx_word' id='word_1_153' title='bbox 922 907 958 933; x_wconf 75' lang='lat' dir='ltr'>(Ie</span> 
     </span>
     <span class='ocr_line' id='line_1_20' title="bbox 76 948 958 991; baseline -0.008 -9"><span class='ocrx_word' id='word_1_154' title='bbox 76 953 205 991; x_wconf 78' lang='lat' dir='ltr'>pecuniis</span> <span class='ocrx_word' id='word_1_155' title='bbox 219 952 395 989; x_wconf 78' lang='lat' dir='ltr'>repetundis,</span> <span class='ocrx_word' id='word_1_156' title='bbox 410 951 572 988; x_wconf 75' lang='lat' dir='ltr'>planissime</span> <span class='ocrx_word' id='word_1_157' title='bbox 591 955 698 985; x_wconf 78' lang='lat' dir='ltr'>vetant,</span> <span class='ocrx_word' id='word_1_158' title='bbox 715 950 771 978; x_wconf 59' lang='lat' dir='ltr'>&amp;a</span> <span class='ocrx_word' id='word_1_159' title='bbox 796 948 863 978; x_wconf 84' lang='lat' dir='ltr'>Lex</span> <span class='ocrx_word' id='word_1_160' title='bbox 887 948 958 976; x_wconf 84' lang='lat' dir='ltr'>Cor-</span> 
     </span>
     <span class='ocr_line' id='line_1_21' title="bbox 76 991 958 1034; baseline -0.005 -10"><span class='ocrx_word' id='word_1_161' title='bbox 76 997 152 1025; x_wconf 78' lang='lat' dir='ltr'>nelia</span> <span class='ocrx_word' id='word_1_162' title='bbox 167 1000 258 1031; x_wconf 84' lang='lat' dir='ltr'>vetat,</span> <span class='ocrx_word' id='word_1_163' title='bbox 280 993 429 1034; x_wconf 56' lang='lat' dir='ltr'>quatenus</span> <span class='ocrx_word' id='word_1_164' title='bbox 450 993 590 1030; x_wconf 84' lang='lat' dir='ltr'>majestas</span> <span class='ocrx_word' id='word_1_165' title='bbox 609 1002 679 1032; x_wconf 86' lang='lat' dir='ltr'>pop.</span> <span class='ocrx_word' id='word_1_166' title='bbox 697 992 789 1021; x_wconf 83' lang='lat' dir='ltr'>Rom.</span> <span class='ocrx_word' id='word_1_167' title='bbox 808 991 855 1021; x_wconf 87' lang='lat' dir='ltr'>his</span> <span class='ocrx_word' id='word_1_168' title='bbox 870 991 958 1020; x_wconf 87' lang='lat' dir='ltr'>rebus</span> 
     </span>
     <span class='ocr_line' id='line_1_22' title="bbox 76 1033 960 1076; baseline -0.007 -8"><span class='ocrx_word' id='word_1_169' title='bbox 76 1037 245 1072; x_wconf 83' lang='lat' dir='ltr'>minuitur;</span> <span class='ocrx_word' id='word_1_170' title='bbox 269 1037 367 1073; x_wconf 62' lang='lat' dir='ltr'>autin,</span> <span class='ocrx_word' id='word_1_171' title='bbox 386 1035 458 1076; x_wconf 87' lang='lat' dir='ltr'>quia</span> <span class='ocrx_word' id='word_1_172' title='bbox 480 1035 551 1065; x_wconf 87' lang='lat' dir='ltr'>talia</span> <span class='ocrx_word' id='word_1_173' title='bbox 566 1035 629 1064; x_wconf 86' lang='lat' dir='ltr'>fieri</span> <span class='ocrx_word' id='word_1_174' title='bbox 652 1035 747 1065; x_wconf 86' lang='lat' dir='ltr'>solent</span> <span class='ocrx_word' id='word_1_175' title='bbox 763 1033 896 1075; x_wconf 60' lang='lat' dir='ltr'>pecuniae</span> <span class='ocrx_word' id='word_1_176' title='bbox 911 1044 960 1063; x_wconf 82' lang='lat' dir='ltr'>ac-</span> 
     </span>
     <span class='ocr_line' id='line_1_23' title="bbox 78 1076 959 1122; baseline -0.006 -11"><span class='ocrx_word' id='word_1_177' title='bbox 78 1087 170 1122; x_wconf 84' lang='lat' dir='ltr'>ceptae</span> <span class='ocrx_word' id='word_1_178' title='bbox 184 1080 284 1110; x_wconf 67' lang='lat' dir='ltr'>causa.</span> <span class='ocrx_word' id='word_1_179' title='bbox 309 1079 397 1109; x_wconf 91' lang='lat' dir='ltr'>Conf.</span> <span class='ocrx_word' id='word_1_180' title='bbox 414 1088 531 1118; x_wconf 83' lang='lat' dir='ltr'>argum.</span> <span class='ocrx_word' id='word_1_181' title='bbox 555 1077 610 1107; x_wconf 88' lang='lat' dir='ltr'>Or.</span> <span class='ocrx_word' id='word_1_182' title='bbox 630 1088 684 1118; x_wconf 86' lang='lat' dir='ltr'>pro</span> <span class='ocrx_word' id='word_1_183' title='bbox 708 1078 786 1107; x_wconf 81' lang='lat' dir='ltr'>Rab.</span> <span class='ocrx_word' id='word_1_184' title='bbox 804 1077 886 1106; x_wconf 89' lang='lat' dir='ltr'>Post.</span> <span class='ocrx_word' id='word_1_185' title='bbox 910 1076 959 1106; x_wconf 88' lang='lat' dir='ltr'>De</span> 
     </span>
     <span class='ocr_line' id='line_1_24' title="bbox 77 1119 958 1163; baseline -0.006 -9"><span class='ocrx_word' id='word_1_186' title='bbox 77 1125 134 1154; x_wconf 87' lang='lat' dir='ltr'>hac</span> <span class='ocrx_word' id='word_1_187' title='bbox 147 1123 213 1163; x_wconf 85' lang='lat' dir='ltr'>lege</span> <span class='ocrx_word' id='word_1_188' title='bbox 228 1128 271 1152; x_wconf 88' lang='lat' dir='ltr'>est</span> <span class='ocrx_word' id='word_1_189' title='bbox 287 1121 376 1151; x_wconf 81' lang='lat' dir='ltr'>etiam</span> <span class='ocrx_word' id='word_1_190' title='bbox 392 1121 474 1151; x_wconf 87' lang='lat' dir='ltr'>locus</span> <span class='ocrx_word' id='word_1_191' title='bbox 490 1121 521 1150; x_wconf 91' lang='lat' dir='ltr'>in</span> <span class='ocrx_word' id='word_1_192' title='bbox 538 1120 640 1150; x_wconf 89' lang='lat' dir='ltr'>Pison.</span> <span class='ocrx_word' id='word_1_193' title='bbox 656 1131 681 1150; x_wconf 89' lang='lat' dir='ltr'>c.</span> <span class='ocrx_word' id='word_1_194' title='bbox 703 1121 751 1149; x_wconf 88' lang='grc'>16.</span> <span class='ocrx_word' id='word_1_195' title='bbox 775 1119 892 1149; x_wconf 85' lang='lat' dir='ltr'>Eadem</span> <span class='ocrx_word' id='word_1_196' title='bbox 907 1119 958 1149; x_wconf 81' lang='lat' dir='ltr'>lex</span> 
     </span>
     <span class='ocr_line' id='line_1_25' title="bbox 77 1163 958 1207; baseline -0.006 -10"><span class='ocrx_word' id='word_1_197' title='bbox 77 1172 131 1204; x_wconf 90' lang='lat' dir='ltr'>est,</span> <span class='ocrx_word' id='word_1_198' title='bbox 148 1177 216 1207; x_wconf 87' lang='lat' dir='ltr'>quae</span> <span class='ocrx_word' id='word_1_199' title='bbox 231 1165 273 1195; x_wconf 89' lang='lat' dir='ltr'>ibi</span> <span class='ocrx_word' id='word_1_200' title='bbox 288 1164 472 1199; x_wconf 81' lang='lat' dir='ltr'>nominatur,</span> <span class='ocrx_word' id='word_1_201' title='bbox 488 1174 513 1194; x_wconf 88' lang='lat' dir='ltr'>c.</span> <span class='ocrx_word' id='word_1_202' title='bbox 533 1164 572 1198; x_wconf 84' lang='lat'>37</span> <span class='ocrx_word' id='word_1_203' title='bbox 587 1174 595 1198; x_wconf 83' lang='lat'>3</span> <span class='ocrx_word' id='word_1_204' title='bbox 620 1169 650 1193; x_wconf 88' lang='lat' dir='ltr'>et</span> <span class='ocrx_word' id='word_1_205' title='bbox 669 1163 701 1193; x_wconf 89' lang='lat' dir='ltr'>in</span> <span class='ocrx_word' id='word_1_206' title='bbox 721 1163 896 1193; x_wconf 87' lang='lat' dir='ltr'>universum</span> <span class='ocrx_word' id='word_1_207' title='bbox 920 1172 958 1192; x_wconf 82' lang='lat' dir='ltr'>ex</span> 
     </span>
     <span class='ocr_line' id='line_1_26' title="bbox 76 1205 961 1247; baseline -0.005 -8"><span class='ocrx_word' id='word_1_208' title='bbox 76 1210 133 1240; x_wconf 89' lang='lat' dir='ltr'>hae</span> <span class='ocrx_word' id='word_1_209' title='bbox 153 1208 284 1239; x_wconf 88' lang='lat' dir='ltr'>oratione</span> <span class='ocrx_word' id='word_1_210' title='bbox 298 1207 467 1247; x_wconf 85' lang='lat' dir='ltr'>plurimum</span> <span class='ocrx_word' id='word_1_211' title='bbox 482 1206 557 1236; x_wconf 80' lang='lat' dir='ltr'>lucis</span> <span class='ocrx_word' id='word_1_212' title='bbox 572 1206 662 1246; x_wconf 84' lang='lat' dir='ltr'>capit,</span> <span class='ocrx_word' id='word_1_213' title='bbox 679 1205 761 1246; x_wconf 86' lang='lat' dir='ltr'>quod</span> <span class='ocrx_word' id='word_1_214' title='bbox 785 1206 816 1235; x_wconf 89' lang='lat' dir='ltr'>in</span> <span class='ocrx_word' id='word_1_215' title='bbox 832 1205 867 1236; x_wconf 66' lang='lat' dir='ltr'>ea</span> <span class='ocrx_word' id='word_1_216' title='bbox 882 1205 961 1244; x_wconf 85' lang='lat' dir='ltr'>obji-</span> 
     </span>
     <span class='ocr_line' id='line_1_27' title="bbox 77 1249 959 1289; baseline -0.006 -7"><span class='ocrx_word' id='word_1_217' title='bbox 77 1252 198 1282; x_wconf 86' lang='lat' dir='ltr'>ciuntur</span> <span class='ocrx_word' id='word_1_218' title='bbox 221 1250 324 1280; x_wconf 86' lang='lat' dir='ltr'>Pisoni</span> <span class='ocrx_word' id='word_1_219' title='bbox 340 1256 369 1281; x_wconf 89' lang='lat' dir='ltr'>et</span> <span class='ocrx_word' id='word_1_220' title='bbox 394 1249 537 1286; x_wconf 81' lang='lat' dir='ltr'>Gabinio,</span> <span class='ocrx_word' id='word_1_221' title='bbox 558 1259 627 1289; x_wconf 86' lang='lat' dir='ltr'>quae</span> <span class='ocrx_word' id='word_1_222' title='bbox 641 1254 743 1279; x_wconf 87' lang='lat' dir='ltr'>contra</span> <span class='ocrx_word' id='word_1_223' title='bbox 762 1249 840 1279; x_wconf 86' lang='lat' dir='ltr'>hanc</span> <span class='ocrx_word' id='word_1_224' title='bbox 861 1249 959 1288; x_wconf 85' lang='lat' dir='ltr'>legem</span> 
     </span>
     <span class='ocr_line' id='line_1_28' title="bbox 78 1291 960 1332; baseline -0.005 -8"><span class='ocrx_word' id='word_1_225' title='bbox 78 1295 216 1325; x_wconf 83' lang='lat' dir='ltr'>fecerant.</span> <span class='ocrx_word' id='word_1_226' title='bbox 242 1292 450 1324; x_wconf 86' lang='lat' dir='ltr'>Constitutum</span> <span class='ocrx_word' id='word_1_227' title='bbox 475 1298 537 1322; x_wconf 84' lang='lat' dir='ltr'>erat</span> <span class='ocrx_word' id='word_1_228' title='bbox 563 1291 597 1322; x_wconf 58' lang='lat' dir='ltr'>effi</span> <span class='ocrx_word' id='word_1_229' title='bbox 617 1292 693 1332; x_wconf 86' lang='lat' dir='ltr'>lege,</span> <span class='ocrx_word' id='word_1_230' title='bbox 717 1291 792 1331; x_wconf 87' lang='lat' dir='ltr'>quid</span> <span class='ocrx_word' id='word_1_231' title='bbox 815 1297 844 1322; x_wconf 85' lang='lat' dir='ltr'>et</span> <span class='ocrx_word' id='word_1_232' title='bbox 863 1302 881 1321; x_wconf 83' lang='lat' dir='ltr'>a</span> <span class='ocrx_word' id='word_1_233' title='bbox 898 1301 960 1331; x_wconf 90' lang='lat' dir='ltr'>quo</span> 
     </span>
     <span class='ocr_line' id='line_1_29' title="bbox 79 1334 956 1377; baseline -0.005 -10"><span class='ocrx_word' id='word_1_234' title='bbox 79 1337 210 1377; x_wconf 88' lang='lat' dir='ltr'>accipere</span> <span class='ocrx_word' id='word_1_235' title='bbox 224 1336 255 1365; x_wconf 89' lang='lat' dir='ltr'>in</span> <span class='ocrx_word' id='word_1_236' title='bbox 270 1335 423 1376; x_wconf 63' lang='lat' dir='ltr'>provincia</span> <span class='ocrx_word' id='word_1_237' title='bbox 436 1335 555 1365; x_wconf 84' lang='lat' dir='ltr'>liceret:</span> <span class='ocrx_word' id='word_1_238' title='bbox 582 1334 620 1365; x_wconf 84' lang='lat' dir='ltr'>ad</span> <span class='ocrx_word' id='word_1_239' title='bbox 635 1337 703 1364; x_wconf 86' lang='lat' dir='ltr'>Att.</span> <span class='ocrx_word' id='word_1_240' title='bbox 721 1335 764 1372; x_wconf 92' lang='lat' dir='ltr'>V,</span> <span class='ocrx_word' id='word_1_241' title='bbox 784 1336 832 1372; x_wconf 83' lang='lat'>10,</span> <span class='ocrx_word' id='word_1_242' title='bbox 850 1341 879 1364; x_wconf 91' lang='lat' dir='ltr'>et</span> <span class='ocrx_word' id='word_1_243' title='bbox 896 1335 934 1363; x_wconf 74' lang='lat'>16</span> <span class='ocrx_word' id='word_1_244' title='bbox 947 1345 956 1363; x_wconf 85' lang='lat'>:</span> 
     </span>
     <span class='ocr_line' id='line_1_30' title="bbox 81 1376 958 1419; baseline -0.007 -8"><span class='ocrx_word' id='word_1_245' title='bbox 81 1381 172 1415; x_wconf 71' lang='lat' dir='ltr'>Scito,</span> <span class='ocrx_word' id='word_1_246' title='bbox 187 1390 242 1408; x_wconf 75' lang='lat' dir='ltr'>non</span> <span class='ocrx_word' id='word_1_247' title='bbox 257 1380 338 1407; x_wconf 81' lang='lat' dir='ltr'>mado</span> <span class='ocrx_word' id='word_1_248' title='bbox 351 1379 531 1418; x_wconf 67' lang='lat' dir='ltr'>msjatnum,</span> <span class='ocrx_word' id='word_1_249' title='bbox 551 1384 612 1413; x_wconf 83' lang='lat' dir='ltr'>aut,</span> <span class='ocrx_word' id='word_1_250' title='bbox 631 1379 704 1418; x_wconf 80' lang='lat' dir='ltr'>quad</span> <span class='ocrx_word' id='word_1_251' title='bbox 719 1378 780 1419; x_wconf 84' lang='lat' dir='ltr'>lege</span> <span class='ocrx_word' id='word_1_252' title='bbox 793 1376 876 1407; x_wconf 64' lang='lat' dir='ltr'>Julici</span> <span class='ocrx_word' id='word_1_253' title='bbox 893 1377 958 1406; x_wconf 81' lang='lat' dir='ltr'>dari</span> 
     </span>
     <span class='ocr_line' id='line_1_31' title="bbox 81 1422 957 1461; baseline -0.003 -9"><span class='ocrx_word' id='word_1_254' title='bbox 81 1423 160 1459; x_wconf 77' lang='lat' dir='ltr'>solet,</span> <span class='ocrx_word' id='word_1_255' title='bbox 179 1433 235 1451; x_wconf 78' lang='lat' dir='ltr'>non</span> <span class='ocrx_word' id='word_1_256' title='bbox 256 1422 392 1460; x_wconf 79' lang='lat' dir='ltr'>accipere,</span> <span class='ocrx_word' id='word_1_257' title='bbox 408 1422 458 1450; x_wconf 81' lang='lat' dir='ltr'>sed</span> <span class='ocrx_word' id='word_1_258' title='bbox 473 1432 509 1451; x_wconf 78' lang='lat' dir='ltr'>ue</span> <span class='ocrx_word' id='word_1_259' title='bbox 524 1422 603 1459; x_wconf 64' lang='lat' dir='ltr'>tigna</span> <span class='ocrx_word' id='word_1_260' title='bbox 622 1422 748 1461; x_wconf 81' lang='lat' dir='ltr'>quidem,</span> <span class='ocrx_word' id='word_1_261' title='bbox 768 1431 832 1458; x_wconf 78' lang='lat' dir='ltr'>nec,</span> <span class='ocrx_word' id='word_1_262' title='bbox 851 1426 957 1460; x_wconf 64' lang='lat' dir='ltr'>prater</span> 
     </span>
     <span class='ocr_line' id='line_1_32' title="bbox 79 1465 956 1505; baseline -0.003 -10"><span class='ocrx_word' id='word_1_263' title='bbox 79 1472 202 1505; x_wconf 70' lang='lat' dir='ltr'>quatuor</span> <span class='ocrx_word' id='word_1_264' title='bbox 217 1465 299 1494; x_wconf 77' lang='lat' dir='ltr'>tectos</span> <span class='ocrx_word' id='word_1_265' title='bbox 311 1470 338 1493; x_wconf 80' lang='lat' dir='ltr'>et</span> <span class='ocrx_word' id='word_1_266' title='bbox 350 1469 465 1498; x_wconf 77' lang='lat' dir='ltr'>tectum,</span> <span class='ocrx_word' id='word_1_267' title='bbox 477 1475 645 1504; x_wconf 79' lang='lat' dir='ltr'>quemquam</span> <span class='ocrx_word' id='word_1_268' title='bbox 654 1465 783 1503; x_wconf 80' lang='lat' dir='ltr'>accipere</span> <span class='ocrx_word' id='word_1_269' title='bbox 791 1465 956 1504; x_wconf 80' lang='lat' dir='ltr'>quidquam,</span> 
     </span>
     <span class='ocr_line' id='line_1_33' title="bbox 80 1507 957 1547; baseline -0.002 -9"><span class='ocrx_word' id='word_1_270' title='bbox 80 1510 137 1539; x_wconf 56' lang='lat' dir='ltr'>&amp;a</span> <span class='ocrx_word' id='word_1_271' title='bbox 160 1508 181 1537; x_wconf 84' lang='lat' dir='ltr'>J</span> <span class='ocrx_word' id='word_1_272' title='bbox 185 1508 296 1537; x_wconf 87' lang='lat' dir='ltr'>ubebat</span> <span class='ocrx_word' id='word_1_273' title='bbox 311 1507 412 1543; x_wconf 84' lang='lat' dir='ltr'>etiam,</span> <span class='ocrx_word' id='word_1_274' title='bbox 423 1513 490 1547; x_wconf 86' lang='lat' dir='ltr'>post</span> <span class='ocrx_word' id='word_1_275' title='bbox 505 1508 657 1536; x_wconf 76' lang='lat' dir='ltr'>Serviliam</span> <span class='ocrx_word' id='word_1_276' title='bbox 672 1512 702 1537; x_wconf 85' lang='lat' dir='ltr'>et</span> <span class='ocrx_word' id='word_1_277' title='bbox 714 1508 887 1546; x_wconf 64' lang='lat' dir='ltr'>Corneliam,</span> <span class='ocrx_word' id='word_1_278' title='bbox 903 1507 927 1536; x_wconf 86' lang='lat' dir='ltr'>si</span> <span class='ocrx_word' id='word_1_279' title='bbox 941 1517 957 1536; x_wconf 89' lang='lat' dir='ltr'>e</span> 
     </span>
     <span class='ocr_line' id='line_1_34' title="bbox 79 1549 960 1590; baseline -0.001 -9"><span class='ocrx_word' id='word_1_280' title='bbox 79 1550 176 1587; x_wconf 89' lang='lat' dir='ltr'>bonis,</span> <span class='ocrx_word' id='word_1_281' title='bbox 202 1550 239 1580; x_wconf 91' lang='lat' dir='ltr'>de</span> <span class='ocrx_word' id='word_1_282' title='bbox 261 1549 433 1590; x_wconf 87' lang='lat' dir='ltr'>repetundis</span> <span class='ocrx_word' id='word_1_283' title='bbox 451 1549 652 1587; x_wconf 82' lang='lat' dir='ltr'>condemnati,</span> <span class='ocrx_word' id='word_1_284' title='bbox 673 1560 733 1580; x_wconf 86' lang='lat' dir='ltr'>non</span> <span class='ocrx_word' id='word_1_285' title='bbox 754 1556 874 1580; x_wconf 84' lang='lat' dir='ltr'>tantum</span> <span class='ocrx_word' id='word_1_286' title='bbox 892 1550 960 1580; x_wconf 86' lang='lat' dir='ltr'>red-</span> 
     </span>
     <span class='ocr_line' id='line_1_35' title="bbox 79 1592 960 1634; baseline 0 -11"><span class='ocrx_word' id='word_1_287' title='bbox 79 1593 219 1633; x_wconf 85' lang='lat' dir='ltr'>igeretur,</span> <span class='ocrx_word' id='word_1_288' title='bbox 236 1592 342 1633; x_wconf 83' lang='lat' dir='ltr'>quanti</span> <span class='ocrx_word' id='word_1_289' title='bbox 357 1592 384 1622; x_wconf 85' lang='lat' dir='ltr'>ei</span> <span class='ocrx_word' id='word_1_290' title='bbox 404 1592 440 1622; x_wconf 86' lang='lat' dir='ltr'>lis</span> <span class='ocrx_word' id='word_1_291' title='bbox 456 1592 602 1622; x_wconf 85' lang='lat' dir='ltr'>aestimata</span> <span class='ocrx_word' id='word_1_292' title='bbox 613 1599 699 1630; x_wconf 84' lang='lat' dir='ltr'>esset,</span> <span class='ocrx_word' id='word_1_293' title='bbox 714 1593 855 1634; x_wconf 87' lang='lat' dir='ltr'>reliquias</span> <span class='ocrx_word' id='word_1_294' title='bbox 870 1595 908 1623; x_wconf 90' lang='lat' dir='ltr'>ab</span> <span class='ocrx_word' id='word_1_295' title='bbox 924 1594 960 1624; x_wconf 86' lang='lat' dir='ltr'>iis</span> 
     </span>
     <span class='ocr_line' id='line_1_36' title="bbox 81 1635 958 1676; baseline 0.001 -11"><span class='ocrx_word' id='word_1_296' title='bbox 81 1635 229 1676; x_wconf 85' lang='lat' dir='ltr'>persequi,</span> <span class='ocrx_word' id='word_1_297' title='bbox 250 1635 288 1664; x_wconf 87' lang='lat' dir='ltr'>ad</span> <span class='ocrx_word' id='word_1_298' title='bbox 311 1645 386 1675; x_wconf 88' lang='lat' dir='ltr'>quos</span> <span class='ocrx_word' id='word_1_299' title='bbox 407 1646 441 1665; x_wconf 87' lang='lat' dir='ltr'>ea</span> <span class='ocrx_word' id='word_1_300' title='bbox 463 1635 592 1675; x_wconf 84' lang='lat' dir='ltr'>pecunia</span> <span class='ocrx_word' id='word_1_301' title='bbox 614 1636 814 1676; x_wconf 81' lang='lat' dir='ltr'>pervenisset;</span> <span class='ocrx_word' id='word_1_302' title='bbox 838 1647 876 1666; x_wconf 85' lang='lat' dir='ltr'>ex</span> <span class='ocrx_word' id='word_1_303' title='bbox 897 1647 958 1676; x_wconf 89' lang='lat' dir='ltr'>quo</span> 
     </span>
     <span class='ocr_line' id='line_1_37' title="bbox 78 1677 959 1719; baseline 0.002 -12"><span class='ocrx_word' id='word_1_304' title='bbox 78 1679 153 1718; x_wconf 87' lang='lat' dir='ltr'>legis</span> <span class='ocrx_word' id='word_1_305' title='bbox 171 1677 267 1718; x_wconf 85' lang='lat' dir='ltr'>capite</span> <span class='ocrx_word' id='word_1_306' title='bbox 290 1677 433 1708; x_wconf 85' lang='lat' dir='ltr'>Rabirius</span> <span class='ocrx_word' id='word_1_307' title='bbox 448 1679 529 1708; x_wconf 84' lang='lat' dir='ltr'>Post.</span> <span class='ocrx_word' id='word_1_308' title='bbox 549 1679 746 1709; x_wconf 87' lang='lat' dir='ltr'>condemnato</span> <span class='ocrx_word' id='word_1_309' title='bbox 762 1690 778 1710; x_wconf 90' lang='lat' dir='ltr'>e</span> <span class='ocrx_word' id='word_1_310' title='bbox 792 1680 858 1719; x_wconf 86' lang='lat' dir='ltr'>lege</span> <span class='ocrx_word' id='word_1_311' title='bbox 871 1679 959 1709; x_wconf 74' lang='grc' dir='ltr'>,Ιαιίίὶ</span> 
     </span>
     <span class='ocr_line' id='line_1_38' title="bbox 79 1720 958 1757; baseline 0.002 -8"><span class='ocrx_word' id='word_1_312' title='bbox 79 1720 221 1757; x_wconf 88' lang='lat' dir='ltr'>Gabinio,</span> <span class='ocrx_word' id='word_1_313' title='bbox 237 1727 391 1750; x_wconf 83' lang='lat' dir='ltr'>accusatus</span> <span class='ocrx_word' id='word_1_314' title='bbox 405 1726 458 1751; x_wconf 87' lang='lat' dir='ltr'>est.</span> <span class='ocrx_word' id='word_1_315' title='bbox 475 1720 547 1751; x_wconf 88' lang='lat' dir='ltr'>Vid.</span> <span class='ocrx_word' id='word_1_316' title='bbox 560 1732 585 1751; x_wconf 88' lang='lat' dir='ltr'>c.</span> <span class='ocrx_word' id='word_1_317' title='bbox 596 1723 625 1750; x_wconf 85' lang='grc'>4.</span> <span class='ocrx_word' id='word_1_318' title='bbox 649 1721 697 1751; x_wconf 67' lang='lat' dir='ltr'>Ea</span> <span class='ocrx_word' id='word_1_319' title='bbox 709 1728 810 1752; x_wconf 86' lang='lat' dir='ltr'>autem</span> <span class='ocrx_word' id='word_1_320' title='bbox 826 1722 958 1752; x_wconf 81' lang='lat' dir='ltr'>oratione</span> 
     </span>
     <span class='ocr_line' id='line_1_39' title="bbox 73 1763 957 1805; baseline 0.001 -11"><span class='ocrx_word' id='word_1_321' title='bbox 73 1763 217 1803; x_wconf 75' lang='lat' dir='ltr'>ostendit,</span> <span class='ocrx_word' id='word_1_322' title='bbox 234 1763 290 1794; x_wconf 90' lang='lat' dir='ltr'>hoc</span> <span class='ocrx_word' id='word_1_323' title='bbox 311 1763 408 1804; x_wconf 85' lang='lat' dir='ltr'>capite</span> <span class='ocrx_word' id='word_1_324' title='bbox 426 1763 499 1804; x_wconf 80' lang='lat' dir='ltr'>legis</span> <span class='ocrx_word' id='word_1_325' title='bbox 521 1764 647 1804; x_wconf 85' lang='lat' dir='ltr'>equites,</span> <span class='ocrx_word' id='word_1_326' title='bbox 670 1771 704 1795; x_wconf 81' lang='lat' dir='ltr'>ut</span> <span class='ocrx_word' id='word_1_327' title='bbox 726 1765 789 1796; x_wconf 57' lang='lat' dir='ltr'>tota</span> <span class='ocrx_word' id='word_1_328' title='bbox 803 1765 881 1805; x_wconf 87' lang='lat' dir='ltr'>lege,</span> <span class='ocrx_word' id='word_1_329' title='bbox 897 1775 957 1795; x_wconf 82' lang='lat' dir='ltr'>nou</span> 
     </span>
    </p>
   </div>
  </div>
 </body>
</html>
