1122 1868
129 49 192 81 326
344 49 491 81 INDEX
516 49 798 82 HISTORICUS.

131 135 322 173 rhetoricam,
337 136 471 167 docebat.
496 136 594 167 Acad.
612 135 639 174 I,
656 137 686 167 4.
701 136 843 177 magister
858 135 1014 167 Antiochi.

132 178 226 209 Tusc.
243 179 285 218 V,
301 180 352 215 37.
367 180 582 220 peregrinatur.

175 222 275 259 Philo,
293 222 480 261 architectus,
502 223 557 253 Or.
582 222 609 259 I,
631 223 680 252 14.
705 221 941 252 Atheniensibus
965 232 1014 252 ar·

131 265 366 295 mamentarium
381 265 462 301 fecit,
478 266 565 304 cujus
580 265 694 295 mentio
708 265 848 305 frequens
863 264 945 305 apud
961 274 1015 294 an-

132 307 242 348 tiquos.
266 308 348 338 Loca
374 314 507 338 veterum
529 309 652 339 collecta
675 308 734 339 vid.
759 319 808 349 ap.
829 308 963 338 Junium
978 307 1016 337 de

132 350 267 387 Pictura,
283 351 314 380 in
331 351 427 381 Catal.
445 351 536 381 Artis.

177 394 276 431 Pszz'lo,
291 393 330 424 ad
344 393 417 424 Div.
435 393 481 431 II,
496 395 543 423 12.
563 393 661 431 VIII,
678 395 707 423 8.
722 394 849 424 libertus
860 392 909 422 M.
927 393 1017 423 Coelii

135 436 220 466 Rufi.

174 479 215 509 L.
233 480 330 517 Philo,
343 479 515 516 eVeturiis,
528 479 560 508 in
576 479 677 509 Caecil.
692 482 742 510 19.
757 485 887 520 quaestor
902 478 937 508 C.
949 480 1017 510 Ser-

133 522 206 553 vilii.
230 523 271 552 Ei
285 528 393 562 negata
408 529 452 552 est
467 522 627 552 accusandi
637 522 755 552 Servilii
771 528 910 562 potestas.

177 565 364 601 Philoctetes,
381 565 419 595 ad
432 565 506 594 Her.
525 564 585 600 IV,
603 566 653 594 30.
667 565 760 595 Tusc.
775 565 822 601 II,
837 566 867 600 7.
885 565 1018 595 Poeantis

133 607 225 644 filius,
238 608 286 638 cui
301 607 449 638 Hercules
459 607 588 637 moriens
601 608 723 648 sagittas
733 607 867 644 tradidit,
881 608 938 638 «Sec.
950 608 1021 638 Me-

134 651 231 680 moria
245 652 365 691 lapsum
389 650 575 686 Ciceronem,
591 661 645 691 pro
662 651 785 681 Poeante
800 650 933 691 posuisse
956 651 1024 680 Poe-

134 694 213 723 antis
236 694 347 729 filium,
364 694 491 734 putabat
505 693 671 731 Victorius,
694 693 768 724 Var.
784 694 870 723 Lect-
890 692 935 728 ΙΙ,
960 697 1020 724 15:

135 736 187 766 sed
202 735 373 766 defenditur
383 747 401 766 a
415 735 555 772 Ciofano,
572 736 610 766 ad
623 736 714 767 Ovid.
732 737 781 766 M.
799 736 863 775 IX,
880 739 954 768 229.
968 737 1023 767 ubi

133 778 239 809 eadem
256 779 398 810 dicuntur
412 779 449 809 de
464 779 599 809 Poeantis
614 780 686 810 filio.

178 823 382 860 Philodamus,
406 822 494 853 Verr.
511 821 576 860 III,
592 824 644 852 44.
657 823 824 863 Opuntius.

179 866 384 903 Philodamus,
408 865 496 896 Verr.
514 864 560 903 II,
577 867 628 895 25.
646 866 924 907 Lampsacenorum
939 865 1024 907 prin-

136 918 217 949 ceps,
234 918 252 938 a
264 909 359 939 Verre
370 914 506 945 vexatus,
524 915 553 939 et
567 909 689 939 tandem
705 909 828 939 occisus.

179 952 378 990 Philodemus,
402 951 471 982 Fin.
496 951 544 989 II,
566 953 617 982 35.
634 952 815 993 Epicureus,
835 962 926 993 quem
943 961 1020 982 non-

135 994 213 1024 nulli
236 995 443 1025 Philodamum
467 1000 585 1032 vocant,
607 995 710 1025 minus
725 1001 812 1026 recte.
832 996 874 1026 V.
891 995 1018 1036 Menag.

137 1037 175 1066 ad
192 1037 293 1068 Lae'rt.
311 1038 354 1075 X,
372 1039 401 1068 3.
418 1038 469 1068 Ad
485 1049 554 1068 eum
570 1038 699 1078 pertinet
714 1038 797 1069 locus
813 1038 945 1075 Horatii,
957 1038 1020 1068 Sat.

139 1080 168 1117 I,
195 1083 226 1117 2,
255 1084 323 1112 101.
348 1081 427 1111 Item
456 1081 670 1121 intelligendus
695 1087 739 1111 est
761 1081 793 1111 in
814 1082 876 1111 Pis.
901 1083 954 1111 28.
980 1081 1022 1111 V.

140 1122 277 1154 Turneb.
292 1124 376 1155 Adv.
395 1123 491 1161 XXI,
511 1125 558 1153 15.

182 1167 368 1205 Philodorus,
392 1168 490 1197 Flacc.
507 1170 559 1197 22.
583 1165 767 1197 Trallianus.

182 1210 365 1251 Philogenes,
389 1211 454 1240 Att.
470 1210 512 1248 V,
532 1211 579 1240 13.
591 1209 652 1247 VI,
664 1212 694 1240 4.
712 1219 814 1241 servus
830 1215 883 1240 aut
897 1209 1024 1240 libertus

140 1252 246 1282 Attici.

184 1297 374 1337 Plzilogonus,
391 1296 432 1335 Q.
449 1296 502 1326 Fr.
520 1297 549 1333 I,
565 1296 595 1326 3.
612 1296 736 1326 libertus
752 1295 794 1334 Q.
812 1295 975 1326 Ciceronis.

185 1339 351 1377 Philolaus,
372 1340 428 1370 Or.
446 1338 511 1378 III,
531 1340 583 1369 34.
600 1339 787 1377 Crotoniata,
806 1339 1027 1380 Pythagoreus,

140 1380 286 1423 Archytae
301 1383 476 1423 discipulus.

184 1426 324 1463 Pltiloees,
348 1425 582 1462 Alabandensis,
599 1424 637 1455 ad
652 1424 726 1454 Div.
742 1423 843 1461 XIII,
861 1425 913 1454 56.

185 1469 373 1505 Philotimus,
396 1469 461 1498 Att.
478 1469 526 1506 II,
552 1471 582 1498 4.
606 1467 667 1506 VI,
691 1471 742 1498 10.
764 1468 803 1498 ad
825 1467 897 1498 Div.
915 1466 981 1506 ΙΙΙ,
997 1469 1030 1499 9.

141 1509 197 1539 &c.
215 1511 340 1541 libertus
354 1511 516 1543 Ciceronis.

183 1553 269 1583 Phi&
263 1565 374 1590 ›:,(e111zs
397 1555 462 1585 Att.
486 1554 546 1591 IV,
571 1555 601 1584 6.
621 1556 749 1595 poe'ta
734 1554 953 1594 Syracusanus,
975 1554 1029 1594 qui

138 1597 169 1626 in
195 1596 358 1626 lautumias
382 1599 533 1636 conjectus
559 1607 614 1634 est,
643 1596 725 1638 quod
750 1596 891 1637 Dionysii
923 1607 1028 1627 versus

135 1639 355 1679 in1pr220b2sset
381 1640 487 1670 educto
511 1651 526 1671 e
541 1650 656 1671 carcere
676 1649 746 1670 cum
766 1639 818 1669 aiii
835 1640 901 1678 ejus
923 1649 1025 1669 versus

133 1682 264 1722 praelecti
280 1688 386 1718 essent,
413 1689 519 1723 sponte
534 1684 566 1714 in
587 1693 735 1714 carcerem
750 1692 885 1713 reversus
901 1688 946 1713 est
966 1692 1022 1724 po-

134 1725 194 1756 tius
209 1735 302 1766 quam
318 1735 367 1756 eos
382 1725 529 1757 laudaret.
