1122 1868
132 103 195 138 378
348 101 497 134 INDEX
521 102 806 135 HISTORICUS.

133 187 208 218 ibid.
227 188 288 225 IV,
312 188 342 218 3.
358 189 388 218 4.
404 189 532 220 Acha‘iae
551 189 720 229 proconsul.
741 189 820 228 Ejus
835 192 878 218 est
898 187 1018 228 elegans

133 231 272 271 epistola,
305 231 358 272 (ad
388 232 505 263 Divers.
534 232 594 268 IV,
622 231 656 271 5)
689 232 751 272 quiz
778 230 954 262 Ciceronem
981 231 1019 261 de

133 273 218 303 obitu
243 274 358 304 'l‘ulliae
373 276 550 306 consolatur.
573 275 641 305 Att.
660 274 720 312 lx,
741 276 788 305 19.
814 273 909 303 filium
926 273 1020 304 mittit

135 322 238 346 contra
263 315 320 347 Cn.
342 318 544 358 Pompeiumg
569 328 637 348 cum
655 319 772 348 Caesare
788 317 867 347 facit.
888 316 968 346 Phil.
986 315 1014 353 I,

138 362 163 389 l.
181 360 301 389 nullum
314 359 439 391 Caesaris
451 361 602 391 decretum
616 367 682 401 post
700 360 772 389 Idus
784 358 913 390 Martias
926 358 1020 399 figen-

133 402 207 431 dum
224 409 331 433 censet.
356 404 445 433 Brut.
471 405 522 433 40.
546 404 577 433 in
596 405 664 442 jure
684 403 764 433 civili
788 401 1019 443 praeceptoribus

131 455 205 474 usus
229 451 273 475 est
301 446 338 475 1..
364 446 482 476 Lucilio
507 447 605 476 Balbo
631 452 660 476 et
686 446 722 475 C.
747 445 886 485 Aquillio
916 444 1018 474 Gallo.

132 487 219 517 Mur.
236 488 264 522 7.
282 488 392 519 JCtus.
418 489 497 518 Phil.
523 489 585 525 IX,
606 489 632 518 l.
648 489 679 518 in
699 488 849 528 legatione
864 486 903 517 ad
917 487 1019 517 Anto-

132 530 219 560 nium
237 531 393 561 Mutinam
415 531 602 562 obsidentem
623 531 718 566 obiit3
742 530 779 560 de
798 531 884 569 cujus
898 529 1020 559 honori-

131 574 188 603 bus
204 574 267 603 tota
282 575 414 604 oratione
438 574 585 604 sententia
600 573 719 610 dicitur,
739 573 770 602 in
791 583 884 613 quam
900 572 1017 602 SCtum

130 615 245 645 factum
269 622 321 646 est.
346 617 565 657 Fragmentum
589 616 800 657 inscriptionis,
822 625 893 656 quae
913 614 939 644 ei
962 625 1018 655 pro

131 659 249 688 Rostris
273 659 369 699 posita
393 666 447 696 est,
476 660 536 690 vid.
562 670 590 690 v.
612 669 636 689 c.
656 669 707 700 ap.
728 658 848 688 Reines.
873 657 967 687 Inscr.
986 668 1018 698 p.

130 702 203 730 504.
228 701 351 732 Nomen
373 702 468 733 Servii
485 702 646 743 saepissime
668 708 713 732 est
728 700 810 741 apud
830 700 1018 731 Ciceronem.

130 743 179 774 De
194 754 255 784 quo
276 744 401 784 singulis
421 746 493 776 locis
515 744 747 785 intelligendum
763 744 811 782 sit,
834 754 879 774 res
896 749 925 774 et
940 748 1018 774 tem-

129 786 210 826 poris
226 787 301 817 ratio
318 788 405 818 facile
419 788 547 818 docebit.

181 830 210 859 S.
228 831 386 869 Sulpicius,
411 831 453 861 fil.
469 833 536 861 Att.
560 830 622 867 IX,
644 834 691 861 19.
715 836 817 860 eontra
835 829 1016 870 Pompeium

131 872 270 902 mittitur.
288 873 325 903 ad
342 873 414 903 Div.
432 874 495 909 XI,
513 875 542 909 7.
559 873 753 904 consobrinus
769 873 809 902 D.
830 872 927 902 Bruti.
940 870 1013 902 ibid.

127 914 187 951 IV,
204 916 233 945 3.
250 917 278 945 ⁴.
296 917 493 957 philosophice
513 922 542 946 et
557 916 697 947 omnibus
718 916 892 946 liberalibus
906 915 1014 946 studiis

125 968 248 998 operam
264 958 326 989 dat.
343 959 429 989 Trib.
446 960 488 1000 pl.
503 959 562 989 fuit
577 961 618 989 A.
633 959 672 989 U.
690 960 762 994 706.

168 1001 351 1039 Summanus,
370 1002 442 1032 Div.
464 1002 491 1039 Ι,
521 1006 566 1032 10.
591 1002 689 1038 Deus,
706 1003 792 1041 cujus
815 1001 1010 1031 simulacrum

123 1044 155 1073 in
180 1044 298 1083 fastigio
322 1045 409 1075 Jovis
436 1045 599 1086 Capitolini
619 1045 751 1085 positum
777 1051 858 1074 erat:
883 1044 920 1074 de
937 1044 1010 1074 coelo

122 1086 209 1116 ictus.
236 1086 338 1128 Caput
358 1089 434 1127 ejus,
459 1099 495 1119 ex
516 1098 656 1129 responso
676 1087 883 1127 haruspicum,
904 1087 936 1116 in
953 1087 1010 1117 Ti-

122 1129 186 1159 beri
208 1129 375 1160 inventum.
400 1131 448 1161 De
470 1133 650 1168 Summano,
673 1141 699 1160 v.
723 1129 814 1161 Ovid.
838 1130 919 1159 Fast.
945 1129 1006 1167 VI,

124 1174 198 1209 731,
220 1173 273 1214 qui
288 1180 378 1214 negat
393 1184 424 1204 se
439 1174 520 1212 satis,
537 1174 590 1214 qui
605 1174 654 1210 sit,
671 1173 753 1203 scire.
770 1172 885 1202 Glossae
908 1174 930 1190 ‘⁶
947 1173 1007 1203 Su-

123 1225 233 1246 manus
246 1216 340 1252 Ἀὃης,
359 1217 560 1255 Προ,ιιηῖτευς.”
586 1217 714 1252 Plinius,
733 1216 775 1245 H.
790 1216 831 1245 N.
848 1214 893 1252 II,
910 1216 961 1244 52.
977 1215 1004 1245 ei

120 1258 213 1289 tribui
240 1258 311 1288 dicit
331 1264 477 1290 nocturna
494 1259 644 1289 fulmina:
671 1268 763 1299 quem
781 1258 916 1299 sequitur
935 1258 1006 1288 Au-

120 1302 232 1341 gustin.
261 1301 322 1337 IV,
348 1305 399 1332 23.
425 1302 460 1332 C.
487 1302 527 1331 D.
547 1310 576 1332 et
598 1303 668 1332 alii:
694 1311 788 1342 eoque
811 1301 940 1341 pertinet
958 1301 1006 1331 in-

117 1344 239 1385 scriptio
254 1344 335 1385 apud
352 1345 531 1384 Gruterum,
546 1356 577 1386 p.
589 1345 715 1381 CXXI,
729 1354 758 1373 n.
777 1348 802 1374 1.
819 1343 912 1384 Lapis
927 1344 1005 1374 anti-

121 1397 211 1427 quus,
229 1387 258 1417 in
276 1397 337 1427 quo
352 1388 475 1429 Jupiter
490 1390 676 1419 Summanus
692 1387 861 1425 exhibetur,
871 1387 1002 1417 illustra-

119 1434 169 1459 tur
184 1430 215 1460 in
231 1430 308 1460 libro
324 1431 513 1461 Benedictini
526 1431 667 1462 monachi
680 1442 688 1460 :
715 1434 737 1448 “
754 1429 948 1471 Explication
963 1430 1000 1460 de

118 1471 217 1503 divers
232 1483 414 1504 monumens
425 1474 618 1514 singuliers,”
633 1485 663 1515 p.
681 1473 753 1503 334.

161 1517 251 1554 Sura,
274 1515 312 1545 ad.
329 1515 401 1547 Div.
418 1517 461 1555 V,
482 1518 529 1547 10.
546 1527 656 1547 nomen
674 1516 782 1547 liberti.

162 1559 253 1598 Sylla.
270 1558 310 1588 V.
327 1560 420 1589 Sulla.

160 1601 268 1641 Syllum,
294 1602 366 1631 Nat.
388 1602 429 1632 D.
452 1602 480 1639 Ι,
501 1606 554 1634 34.
579 1603 787 1644 Pythagoreus
800 1599 857 1632 hoc
872 1602 994 1633 nomine

115 1642 183 1673 fuit.
205 1644 264 1675 Sed
280 1644 303 1674 is
319 1645 410 1684 hujus
426 1646 482 1676 loci
498 1656 558 1677 non
574 1653 626 1676 est.
650 1647 707 1676 Est
724 1645 804 1675 enim
819 1644 857 1674 de
870 1645 991 1675 Acade-

113 1686 199 1716 micis
220 1696 327 1717 sermo.
353 1688 413 1718 Sed
435 1689 472 1719 de
497 1690 581 1730 Syllo
601 1688 781 1719 Academico
805 1688 848 1718 nil
868 1688 991 1728 reperio.

114 1729 152 1759 ln
170 1730 263 1759 MSS.
280 1735 324 1759 est
341 1731 436 1761 Sinus.
461 1732 500 1761 V.
520 1732 691 1762 Buherium
706 1732 745 1762 ad
760 1731 790 1761 h.
806 1731 827 1760 l.

154 1773 323 1813 ὁζψιεριίιὸἱ,
347 1773 421 1814 Opt.
449 1776 486 1803 G.
514 1775 569 1805 Or.
591 1777 620 1804 6.
645 1774 788 1805 comoedia
819 1773 982 1804 Menandri
