1137 1848
348 75 495 108 INDEX
519 75 692 108 LEGUM.
919 74 957 106 19

83 163 183 195 vitatis
203 163 294 194 Rom.
314 162 469 193 ademtam
496 167 550 199 est,
568 163 610 192 ita
631 168 744 198 tamen,
760 167 794 190 ut
812 170 890 190 nexa
913 166 960 190 at-

83 218 142 248 que
156 206 339 237 haereditaoes
350 215 409 235 non
422 205 597 236 tollerentur
610 216 619 240 ς
643 205 674 234 h.
695 215 720 234 e.
737 209 771 233 ut
790 210 818 233 et
833 203 960 233 haercdi-

83 256 158 280 tates
173 260 276 289 capere
294 254 424 289 possent,
446 254 475 278 et
493 258 547 289 per
562 258 687 284 nexum,
712 258 734 277 s.
750 257 804 287 per
819 257 858 275 aes
879 252 907 275 et
922 246 958 274 li-

81 293 180 330 bram,
205 292 382 328 abalienare,
404 302 472 331 quae
492 291 610 321 vellent.
635 291 724 320 Hanc
747 290 845 328 legem
869 294 959 328 negat

83 334 188 366 Cicero
204 335 301 364 valere
320 344 416 374 posse,
438 333 509 374 quia
532 334 569 363 sit
583 339 685 363 contra
704 333 754 371 jus
770 332 958 367 Romanum,

82 387 144 418 quo
162 377 264 407 civitas
285 377 398 407 nemini
419 376 514 406 invito
533 376 626 406 adimi
644 375 747 416 possit.
771 375 810 405 V.
827 385 872 414 pr.
890 374 959 404 Cae-

81 420 139 450 cin.
156 431 180 450 c.
198 421 251 455 33,
268 430 311 460 sq.

127 463 269 493 Cornelia
286 464 319 491 de
333 462 518 491 sacerdotiis.
544 460 604 502 Ap.
618 461 731 491 Ascon.
748 460 779 489 in
794 459 867 489 Div.
878 459 958 489 Vide

84 506 151 535 Lem
163 507 311 535 Domitio.

128 549 270 578 Cornelia
311 548 489 587 majestatis,
523 546 554 576 in
589 557 649 583 eos,
679 546 733 586 qui
769 546 956 584 majestatem

79 601 151 631 pop.
173 591 264 620 Rom.
289 590 475 620 minuissent.
500 589 547 619 Ea
561 589 671 619 dicitur
691 588 734 622 (in
758 588 911 624 Pisonem,
934 598 959 618 c.

84 633 140 671 21)
165 638 263 663 vetare
280 633 361 662 haec:
386 632 508 662 educere
528 642 543 662 e
566 631 717 672 provincia
733 630 908 667 exercitum,
930 636 959 660 et

83 676 198 706 bellum
214 676 268 705 sua
283 681 386 716 sponte
400 685 511 715 gerere,
534 675 565 704 in
580 684 708 714 regnum
723 674 838 712 injussu
854 673 961 713 populi

81 724 114 748 et
137 719 254 748 senatus
275 718 410 748 accedere
470 723 499 747 et
518 727 572 758 pro
590 717 731 747 Cluentio
746 727 771 746 c.
795 717 849 752 35,
868 716 960 755 legio-

86 770 139 791 nes
156 761 332 794 sollicitarez
356 761 387 789 in
407 760 534 791 Verrem
554 760 600 796 ΙΙ,
617 771 641 790 c.
659 762 690 793 5,
712 759 794 789 vivos
810 759 960 788 dimittere

84 803 184 834 hostes
203 803 308 843 populi
326 804 417 833 Rom.
441 803 561 843 accepta
578 803 727 843 pecunia;
752 802 810 842 Ep.
830 801 868 831 ad
887 801 960 830 Div.

87 845 152 883 ΙΙΙ,
183 846 233 882 ll,
251 855 290 875 ne
309 845 339 874 in
360 846 497 885 quemvis
518 846 643 885 impune
665 845 831 874 declamare
850 844 960 873 liceret.

86 889 283 929 Quicumque
319 888 551 928 amplitudinem
587 887 824 928 dignitatemque
855 887 960 926 populi

87 931 179 961 Rom.
205 931 314 961 laesisse
334 931 469 960 convinci
497 936 623 971 poterat,
650 930 675 960 is
702 929 866 969 majestatis
892 939 962 958 con-

85 973 180 1004 victus
195 975 368 1014 putabatur,
392 979 428 1003 ut
441 973 526 1004 docet
545 974 663 1003 Auctor
682 973 750 1002 libr.
767 972 805 1002 ad
826 972 961 1002 Herenn.

86 1016 135 1055 II,
154 1017 204 1046 12.

132 1060 273 1090 Cornelia
290 1060 462 1089 tribunicia.
479 1059 510 1089 V
512 1069 567 1089 err.
580 1059 628 1096 ΙΙ,
641 1059 694 1094 60,
707 1058 805 1088 multa
814 1058 907 1099 petita
919 1064 963 1088 est

86 1112 105 1132 a
127 1102 169 1139 Q.
185 1101 321 1142 Opimio,
337 1102 430 1143 quod,
446 1112 515 1132 cum
536 1103 674 1131 tribunus
692 1102 787 1142 plebis
805 1108 890 1137 esset,
915 1101 963 1130 in-

86 1144 217 1174 tercessit
231 1151 332 1175 contra
346 1147 441 1184 legem
463 1146 646 1175 Corneliam.
670 1145 775 1183 Hujus
793 1143 866 1184 legis
885 1154 962 1183 saepe

87 1187 122 1217 fit
144 1187 226 1227 apud
249 1193 359 1217 veteres
381 1187 504 1217 mentio.
529 1187 629 1227 Caput
649 1188 724 1226 ejus,
751 1186 788 1216 ad
809 1186 890 1226 quod
913 1186 962 1216 hic

86 1230 170 1260 locus
185 1230 324 1270 pertinet,
334 1230 391 1259 fuit
403 1230 440 1260 de
451 1230 658 1260 intercessione
672 1229 841 1259 tribunicia.
865 1229 915 1258 Ex
930 1229 963 1258 h.

86 1273 108 1302 l.
123 1272 259 1302 videatur
273 1273 372 1313 colligi
386 1283 482 1313 posse,
495 1273 622 1302 tribunis
637 1271 788 1302 ademtam
803 1271 894 1301 fuisse
908 1282 964 1312 po-

85 1320 222 1345 testatem
247 1315 458 1352 intercedendi,
479 1325 571 1356 quam
595 1322 696 1345 tamen
716 1325 809 1344 unam
829 1314 964 1344 relictam

86 1357 194 1388 diserte
208 1358 298 1388 tradit
314 1357 429 1396 Cicero,
445 1358 483 1387 de
500 1358 573 1398 Leg.
590 1359 657 1395 III,
670 1359 702 1395 9,
716 1358 827 1393 Caesar,
843 1357 882 1386 Β.
896 1357 964 1388 Civ.

89 1401 118 1439 Ι,
135 1402 165 1429 5.
188 1400 268 1430 Eam
279 1401 486 1431 difficultatem
501 1400 542 1431 sic
556 1401 660 1431 tollere
679 1406 776 1430 tentat
790 1400 964 1437 Manutius,

87 1449 123 1473 ut
138 1442 299 1483 Opimium
320 1449 406 1483 putet
422 1443 596 1484 opposuisse
615 1453 646 1473 se
665 1443 726 1483 legi
744 1443 901 1479 Corneliae,
917 1448 964 1480 ut,

89 1485 125 1516 ea
149 1486 304 1525 abrogata,
328 1486 378 1515 lex
399 1485 436 1517 C.
457 1486 578 1515 Aurelii
603 1487 702 1517 Cottae
724 1485 762 1515 de
780 1485 965 1515 restituenda

88 1528 250 1558 tribunicia
268 1534 413 1569 potestate
431 1528 619 1569 perferretur.
648 1528 708 1559 Sed
733 1528 801 1569 quis
826 1538 963 1568 unquam

89 1570 163 1611 legit
184 1570 227 1601 ita
248 1571 318 1609 dici,
342 1572 524 1601 intercedere
549 1576 653 1601 contra
682 1573 775 1611 Iegem
801 1572 932 1610 aliquam
946 1571 964 1600 52

91 1613 239 1643 Latinitas
253 1613 376 1654 quidem
387 1614 451 1644 haec
464 1615 555 1644 verba
565 1624 626 1644 non
641 1613 726 1644 aliter
737 1613 830 1654 accipi
841 1613 970 1654 patitur,

92 1665 196 1696 quam,
222 1657 417 1694 intercedere,
444 1660 562 1686 vetante
583 1659 658 1697 lege,
681 1658 783 1694 aliter,
804 1667 895 1696 quam
918 1657 969 1685 lea:

84 1700 227 1739 jusserit,
242 1700 433 1729 intercedere.
457 1699 520 1729 Res
534 1705 635 1729 autem
651 1700 692 1730 sic
711 1710 743 1730 se
761 1700 874 1730 habet:
900 1698 968 1728 Lex

92 1741 231 1773 Cornelia
253 1741 403 1771 ademerat
421 1741 550 1772 tribunis
569 1742 819 1781 intercessionem,
840 1751 900 1772 non
924 1747 970 1771 ta-

89 1792 158 1816 men
173 1784 306 1823 omnino,
322 1784 373 1815 sed
393 1790 427 1814 ut
442 1785 472 1815 in
484 1785 579 1816 musis
594 1786 778 1826 quibusdam
790 1785 974 1825 relinquere-
