1122 1868
118 52 195 101 *292
342 68 490 100 INDEX
513 68 798 100 H1sross1cos.

137 160 165 187 1.
181 154 313 186 Athenis
328 155 456 191 exsulat,
468 154 505 186 de
516 155 632 187 ambitu
645 155 816 186 damnatus.
831 153 899 184 Att.
912 151 973 189 VI,
987 155 1013 183 1.

133 199 171 229 de
181 209 215 228 eo
230 198 411 228 restituendo
428 197 520 228 Curio
536 199 655 239 cogitat.
679 197 728 228 De
743 208 777 227 eo
793 197 852 228 vid.
868 207 937 237 quae
952 195 1013 226 col-

131 241 206 282 legit
218 241 340 271 Manut.
352 241 391 271 ad
405 251 451 281 ep.
467 244 491 270 1.
506 241 559 271 lib.
577 241 678 277 XIII,
691 241 729 270 ad
740 240 811 270 Div.
824 239 1014 279 Cognomine

135 284 291 314 Gemellus
314 283 422 321 dictus,
449 283 473 313 si
497 290 540 313 est
563 284 600 320 is,
627 284 691 324 qui,
708 283 809 321 XIII,
838 283 887 318 19,
912 281 1014 311 Patris

135 327 286 357 exsulasse
300 326 427 361 dicitur;
445 326 526 366 quod
541 327 658 356 videtur
676 326 816 356 Mzmutio
828 331 857 355 et
869 323 1012 355 Corrado.

179 370 212 399 C.
232 369 409 406 Memmius,
427 370 467 406 Q.
484 369 535 398 Fr.
554 370 619 405 III,
636 370 666 398 3.
680 369 818 398 tribunus
830 368 872 408 pl.
885 366 1015 397 subscri-

133 412 179 442 bit
194 412 230 442 P.
243 412 336 442 Sullae
350 411 500 442 accusanti
512 412 554 441 A.
566 412 731 441 Gabinium
742 410 778 440 de
789 409 971 451 repetundis,
985 414 1015 439 et

133 455 317 485 Postumum
332 454 369 484 de
384 454 518 484 residuis.
544 454 579 483 P.
596 454 690 485 Sullae
704 454 860 494 privignus
872 452 940 482 fuit.
964 451 1014 481 De

135 497 241 528 eadem
257 498 442 527 accusatione
457 507 485 526 v.
500 507 546 536 ep.
566 500 592 527 l.
617 497 665 527 Cf.
688 496 766 527 Suu.
788 497 835 526 19.
863 505 908 535 pr.
932 495 1014 524 Rab.

135 540 219 570 Post.
230 540 260 569 3.
277 540 327 569 Ex
338 550 382 577 eo,
400 539 481 580 quod
491 539 559 569 trib.
572 539 613 580 pl.
624 539 694 576 fuit,
705 538 894 578 intelligitur,
912 537 1015 567 Mem-

134 582 229 613 miam
241 582 388 612 familiam
400 581 548 622 plebeiam
559 581 659 611 fuisse.
683 581 741 611 Sed
752 581 832 610 hunc
842 590 911 610 cum
923 580 1017 609 altero

134 625 199 663 illo,
213 625 250 655 L.
269 625 304 654 F.
321 624 503 654 confundere
525 624 642 654 videtur
664 623 786 653 Manut.
802 623 822 653 l.
845 633 869 653 c.
885 632 955 652 cum
977 621 1017 651 ad

134 678 178 698 or.
200 678 245 708 pr.
265 667 370 697 Rabir.
387 677 412 697 c.
433 668 463 696 3.
489 673 624 696 accurate
653 666 827 706 distinguat.
863 664 1017 696 Caeterum

136 710 217 740 fih'us
234 709 271 740 C.
288 709 441 746 Memmii,
459 708 559 739 fratris
575 709 613 739 L.
625 709 780 746 Memmii,
797 718 860 739 esse
875 707 1002 738 videtur.

180 752 216 783 L.
232 754 412 791 BIemmz'us‚
435 751 470 782 C.
493 752 594 791 frater,
610 752 699 782 Brut.
716 752 767 781 36.
791 757 889 782 orator
903 749 1020 780 medio-

136 796 204 833 cris,
220 802 372 826 accusator
387 805 463 825 acer.

180 840 220 868 P.
239 839 416 874 Memmius,
428 836 540 868 Caecin.
555 838 604 867 10.
620 837 702 867 testis
717 837 748 867 in
766 835 931 868 Caecinam.

179 882 376 920 filenalippa,
391 880 430 910 de
445 880 507 911 Off.
525 879 552 917 Ι,
570 881 621 909 31.
637 880 724 910 Accii
740 879 894 920 tragoedia.

181 925 392 963 ssstnalippus,
406 923 497 953 Tusc.
508 922 573 959 ΙΙΙ,
587 924 617 953 9.
627 922 715 952 Accii
726 922 839 952 fabula.
856 921 916 952 Sed
926 920 1021 951 Bent-

135 968 212 998 leius
235 968 354 1008 legebat
383 967 597 1005 isselanz‘ppus,
613 965 765 996 Buherius
785 970 888 995 autem
908 967 1021 995 Mena-

136 1012 158 1041 li
171 1022 179 1039 ›
191 1021 231 1039 uz.

155 1021 351 1090 Illlsenalius,
373 1052 417 1083 N.
433 1051 474 1082 D.
492 1050 557 1088 ΙΙΙ,
574 1054 625 1081 22.
641 1056 726 1092 pater
748 1050 893 1088 Vulcani,
909 1051 985 1090 ejus,
1001 1059 1021 1080 a

139 1106 201 1138 quo
216 1095 375 1126 Vulcaniae
389 1094 594 1124 nominantur.

180 1140 367 1175 BIenander,
382 1137 420 1168 de
440 1137 559 1177 Optim.
576 1136 686 1166 Gener.
701 1135 788 1166 Orat.
805 1139 836 1166 2.
852 1135 920 1165 Fin.
938 1134 968 1172 1,
990 1138 1021 1165 2.

133 1185 224 1223 Ροέῐα
248 1181 391 1219 comicus,
407 1179 580 1210 notissimus
594 1179 656 1217 ille,
678 1180 764 1218 cujus
780 1179 922 1219 praeclara
942 1179 1024 1219 frag-

135 1231 238 1255 menta
251 1230 379 1254 exstant.
865 1231 867 1234 ·

182 1268 216 1297 T.
228 1265 360 1306 Ampius
375 1267 565 1304 Menander,
575 1265 614 1295 ad
629 1264 701 1295 Div.
717 1262 818 1303 XIII,
829 1264 880 1299 70.
896 1263 1022 1294 libertus

140 1310 181 1341 T.
200 1310 305 1350 Ampii
320 1309 423 1339 Balbi.

182 1353 368 1388 Menander,
384 1352 423 1382 ad
438 1353 510 1383 Div.
527 1351 623 1387 XVI,
644 1354 691 1381 13.
707 1360 809 1380 servus
826 1348 989 1380 Ciceronis.

182 1397 343 1431 Menecles,
364 1394 599 1431 Alabandensis,
617 1393 704 1424 Orat.
722 1393 770 1430 II,
788 1393 839 1422 23.
863 1393 953 1422 Brut.
969 1393 1021 1423 95.

138 1438 228 1469 Orat.
252 1440 303 1469 (39.
326 1437 438 1468 Orator
457 1444 486 1468 et
501 1438 601 1468 rhetor
622 1435 776 1466 Asiaticus
797 1434 1020 1472 celeberrimus,

140 1491 233 1521 quem
255 1487 318 1510 tota
342 1480 419 1510 Asia
447 1480 633 1511 imitabatur.
674 1478 827 1508 Audivere
853 1477 954 1517 ipsum
982 1477 1021 1507 1..

140 1524 267 1554 Crassus
280 1523 402 1559 Orator,
416 1529 444 1553 et
461 1522 566 1554 Cicero
576 1532 660 1562 puer.
677 1521 811 1551 Fratrem
825 1519 932 1549 habuit
946 1519 1023 1549 Hie·

137 1566 261 1601 roclem,
278 1565 412 1604 ejusdem
433 1565 530 1596 laudis
550 1571 708 1596 oratorem.
737 1565 878 1603 Argutus
901 1568 931 1592 et
955 1573 1023 1592 sen-

141 1608 285 1639 tentiosus
300 1608 367 1637 fuit.

181 1651 394 1687 Blenedemus,
410 1649 574 1689 Eretricus,
594 1649 691 1680 Acad.
709 1647 768 1686 IV,
784 1651 835 1677 42.
861 1657 951 1678 omne
966 1648 1021 1678 bo-

137 1703 212 1725 num
242 1693 273 1723 in
294 1698 394 1723 mente
417 1693 513 1734 ponit,
540 1694 603 1735 qua
626 1701 731 1723 verum
757 1690 896 1722 cernitur.
930 1689 1021 1721 Phae-
