1122 1868
124 92 182 127 174
338 90 488 122 INDEX
512 90 801 123 HISTORICUs.

162 177 209 206 M.
230 177 337 215 Carbo,
354 176 392 207 ad
408 176 482 207 Div.
499 175 561 212 IX.
578 179 629 207 21.
650 177 686 206 P.
709 177 817 208 Flacco
837 184 1007 218 accusante,

122 220 349 250 condemnatur.
375 220 439 250 Fur
454 229 583 259 magnus
599 231 614 250 e
634 220 745 250 Sicilia.

166 264 201 293 C.
222 264 331 299 Carbo,
350 263 436 293 Brut.
455 266 505 294 27.
528 265 578 292 43.
604 263 877 303 eloquentissimus.
903 263 959 293 Or.
976 262 1005 301 I,

120 308 171 336 34.
189 306 253 344 ejus
269 306 492 336 exercitationes
508 305 652 335 oratoriae.
670 306 760 335 Brut.
777 309 827 336 25.
842 306 889 336 M.
906 306 1009 336 AEmi-

119 348 197 378 lium
216 348 367 388 Lepidum
383 348 542 378 Porcinam
555 348 685 378 studiose
695 348 819 379 audivit.
844 348 900 379 Or.
914 348 942 386 I,
960 350 1008 379 10.

117 391 194 430 juris
211 391 304 421 civilis
320 397 349 420 et
372 401 493 421 morum
514 391 666 429 majorum
693 391 815 431 ignarus
830 391 909 421 fuit:
935 401 1008 422 nam

119 434 162 463 ibi
185 444 240 474 pro
263 436 319 463 Cn.
337 444 399 464 esse
419 433 582 473 legendum
606 435 642 464 C.
664 444 709 463 res
729 434 793 474 ipsa
814 435 961 475 loquitur,
978 440 1008 464 et

121 476 207 507 Msti
233 476 376 506 Lambini
402 478 539 517 probant.
569 476 640 506 Vitl.
674 478 833 506 Pearcium
860 477 897 506 ad
923 477 1006 507 hunc

119 519 230 549 locum.
255 520 309 549 Or.
330 518 375 554 ΙΙ.
393 519 460 548 trib.
475 519 516 559 pl.
534 529 567 548 eo
583 529 673 555 anno,
686 530 746 559 quo
763 520 835 549 Tib.
852 520 1008 550 Gracchus

119 572 212 592 caesus
222 568 277 598 est,
289 562 445 592 seditiosus
455 562 513 591 fuit
525 573 533 595 ;
558 561 589 590 in
602 563 758 592 consulatu
772 568 873 592 autem
883 562 1003 597 sanior;

120 613 192 634 nam
210 605 246 634 L.
264 605 438 644 Opimium,
456 604 509 644 qui
521 603 557 634 C.
575 604 747 634 Gracchum
759 605 958 642 interfecerat,
968 605 1007 634 ad

120 647 271 687 populum
286 647 428 677 defendit.
454 646 523 676 Mil.
542 647 570 682 7.
584 647 696 676 tribun.
714 647 755 687 pl.
774 648 809 677 P.
823 647 1006 678 Africanum

119 690 283 730 interrogat
309 690 340 719 in
365 689 517 726 concione,
543 689 618 729 quid
638 689 675 719 de
699 689 778 719 caede
795 689 846 719 Ti.
875 690 1005 720 Gracchi

120 733 237 762 sentiat.
261 732 316 763 Or.
345 731 388 767 II,
414 735 465 763 40.
493 731 531 762 ad
551 731 625 762 Div.
652 731 713 769 IX,
735 736 786 762 21.
810 732 842 762 in
864 733 944 763 caede
965 733 1001 762 Ρ.

120 775 261 805 Africani
287 775 383 805 socius
412 775 503 805 fuisse
528 780 652 814 putatus
678 781 730 805 est.
757 776 846 805 Brut.
874 778 925 806 27.
950 779 1004 806 43.

120 818 209 848 Verr.
228 817 289 854 IV,
316 822 341 848 1.
360 817 398 848 ad
416 817 488 847 Div.
509 816 571 855 IX,
589 821 639 848 21.
664 829 682 848 a
698 818 736 847 L.
751 818 858 848 Crasso
873 819 912 848 ob
928 818 1007 848 sedi-

119 860 231 891 tionem
256 861 465 891 Gracchanam
486 866 652 897 accusatus,
676 860 863 891 cantharidas
885 861 1006 900 sumsit,

119 909 149 933 et
173 914 204 934 se
222 903 337 943 judicio
359 904 402 933 ita
417 903 575 933 subtraxit.
598 903 635 933 de
651 903 749 933 Amic.
767 906 817 934 25.
834 904 932 944 legem
948 904 1005 934 fert

121 946 158 976 de
174 946 302 977 tribunis
317 947 359 987 pl.
384 952 429 983 ut,
451 946 568 986 quoties
587 946 677 977 vellet
696 946 792 986 plebs,
814 957 863 977 eos
885 946 1004 977 reficere

121 989 233 1026 liceret,
252 989 343 1018 Arch.
362 990 391 1018 4.
408 989 507 1029 legem
522 988 579 1018 fert
595 999 664 1019 cum
685 989 808 1020 Silvano
823 989 860 1019 de
875 989 1002 1020 civitate.

166 1034 197 1062 C.
218 1033 325 1071 Carbo,
342 1032 379 1062 C.
395 1031 436 1061 fil.
456 1030 514 1062 Cn.
532 1031 575 1061 N.
591 1032 681 1062 Brut.
703 1033 754 1063 62.
770 1042 879 1072 parurn
895 1039 1002 1063 acutus

124 1081 232 1105 orator.

164 1119 208 1148 D.
228 1117 430 1157 Carfulenus,
448 1117 530 1148 Phil.
546 1116 610 1155 III,
630 1120 659 1149 9.
676 1124 801 1148 senator.
816 1117 854 1148 ad
871 1117 942 1148 Div.
957 1117 1002 1156 X,

121 1164 172 1191 33.
199 1161 316 1200 legatus
353 1161 470 1197 Pansae,
497 1160 610 1190 interiit
633 1161 664 1190 in
690 1161 794 1200 proelio
821 1161 1005 1197 Mutinensi,

120 1203 196 1233 duce
223 1203 332 1234 Pansa.
353 1205 419 1234 Att.
446 1203 522 1242 XV,
552 1205 585 1241 4,
610 1203 726 1233 transiit
750 1205 788 1234 ab
811 1204 946 1234 Antonio
965 1203 1005 1234 ad

124 1246 339 1276 Octavianum.

167 1291 352 1327 Carneades,
379 1290 434 1320 Or.
453 1289 480 1325 l,
502 1293 548 1319 ll.
573 1288 748 1330 Cyrenaeus,
770 1295 873 1320 auctor
889 1289 1007 1320 Acade-

119 1331 190 1362 miae
213 1332 316 1362 tertiae.
340 1332 430 1363 Tusc.
461 1332 520 1369 IV,
551 1334 581 1362 3.
606 1332 805 1362 Academicus
831 1333 1006 1372 Cyrenaeus.

121 1374 215 1404 Acad.
244 1375 271 1412 I,
302 1379 348 1406 13.
372 1380 497 1416 quartus
518 1376 556 1405 ab
580 1375 723 1410 Arcesilai,
744 1375 776 1404 in
799 1372 942 1405 Arcesilas
956 1385 1005 1405 ra-

119 1417 200 1447 tione
226 1425 338 1448 manet.
368 1418 463 1448 Acad.
492 1417 538 1453 II,
564 1421 614 1448 30.
649 1417 829 1448 dialecticus.
860 1417 961 1448 Discit
986 1429 1005 1448 a

120 1460 260 1500 Diogene
277 1462 386 1492 Stoico.
410 1461 478 1490 Fin.
497 1460 562 1495 ΙΙΙ.
587 1464 633 1491 12.
654 1460 685 1489 in
706 1460 867 1491 dialecticis
892 1461 1004 1491 exerci-

121 1509 212 1539 tatus,
238 1510 267 1532 ct
292 1503 413 1533 summa
439 1504 618 1544 eloquentia.
643 1502 741 1533 Acad.
768 1502 816 1533 IV
819 1525 827 1538 ,
853 1504 904 1534 42.
922 1503 1004 1544 quod

120 1555 276 1575 summum
302 1547 416 1575 bonum
443 1546 587 1576 statuerit.
617 1546 691 1576 ibid.
719 1547 769 1575 45.
802 1545 1004 1586 Calliphontis

120 1588 299 1618 sententium
314 1588 351 1618 de
367 1599 487 1618 summo
503 1590 581 1618 bono
597 1588 683 1619 valde
698 1588 840 1618 defendit.
860 1589 932 1619 ibid.
948 1592 1001 1619 31.

120 1631 185 1669 ejus
211 1630 247 1660 de
274 1630 343 1660 visis
362 1631 515 1661 sententia.
537 1631 576 1661 ib.
601 1634 631 1662 9.
654 1630 816 1668 Quomodo
840 1630 1004 1671 Antipatro

119 1673 220 1703 Stoico
237 1673 431 1713 responderit,
456 1673 509 1713 qui
524 1674 580 1703 sibi
599 1673 720 1704 concedi
735 1673 852 1704 volebat
867 1674 923 1703 hoc
937 1684 1006 1715 per-

120 1721 242 1756 ceptum
268 1726 340 1753 esse,
367 1715 455 1745 Nihil
479 1717 591 1757 percipi
613 1726 708 1757 posse.
734 1714 801 1746 Att.
826 1715 927 1754 XIII,
953 1720 1006 1747 21.

120 1759 264 1797 προβολην
293 1758 416 1799 pugilis,
447 1765 476 1789 et
502 1759 697 1790 retentionem
725 1758 848 1799 aurigae,
876 1759 1006 1790 similem
