1137 1848
277 103 427 134 INDEX
449 99 847 133 GRAE00-LAT1NUS.
955 99 1015 130 501

176 190 485 230 Φιλοπροσηνεστατα,
510 188 715 228 benignissime
736 192 763 217 et
785 186 966 223 suavissime,
981 183 1021 215 ad

136 228 202 258 Att.
220 231 262 269 V,
279 234 309 263 9.

178 277 356 315 Φιλορητωρ,
371 274 520 304 studiosus
536 275 609 304 artis
622 273 754 309 dicendi,
769 271 808 302 ad
822 274 891 302 Att.
908 271 939 309 1,
959 273 1007 301 13.

177 321 360 355 <vikon-opem,
373 317 583 358 philosophari,
594 316 632 346 ad
646 317 712 345 Att.
731 314 777 352 Π,
795 317 825 344 5.

176 363 402 398 Φιλοσοφητεον,
414 359 690 398 philosophandum,
707 358 745 387 ad
759 359 828 387 Att.
842 356 870 394 I,
892 360 938 387 16.

177 404 425 440 Φιλοσοφουμεὲτα,
437 403 688 443 philosophamur,
702 401 741 430 ad
756 402 821 430 Att.
835 399 911 435 XV,
933 402 980 428 13.

176 447 420 482 Φιλοσοφουμενα,
437 456 498 484 quae
520 457 536 474 α
555 444 728 484 philosophis
752 450 933 480 tractantur,
951 443 1021 472 libri

132 486 338 526 philosophici,
355 487 393 516 ad
409 487 480 518 Div.
500 488 562 524 XI,
583 490 637 517 27.

178 534 394 567 Φιλοσοζὲωμεν,
410 531 653 570 philosophemur,
670 529 709 559 ad
723 529 792 559 Att.
810 528 856 566 II,
876 530 925 560 13.

177 576 358 609 Φιλοσοῇως,
374 574 579 613 philosophice,
591 573 629 603 ad
645 572 712 603 Att.
730 571 829 609 XIII,
843 573 894 601 20.

179 619 412 654 Φιλοσοφωτερον
427 615 661 655 διευκρινησομεν,
676 617 770 655 magis
785 615 982 656 philosophice
999 619 1028 644 et

136 659 296 691 subtiliter,
314 656 334 687 i.
354 668 378 688 e.
392 660 563 688 accuratius
584 659 815 688 examinabimus
831 665 859 688 et
883 659 1026 688 discucie-

141 711 216 736 mus,
227 700 265 730 ad
280 699 347 730 Att.
365 700 446 738 VII,
464 702 494 730 8.

180 748 459 783 Φιλοστοργωτερον,
472 743 628 778 amantius,
650 742 689 773 ad
704 742 770 772 Att.
787 742 887 781 XIII,
905 745 935 774 9.

181 790 390 825 Φιλοστοργοκ,
404 794 603 825 peramanter,
618 786 656 816 ad
672 786 738 815 Att.
751 785 828 823 XV,
848 790 897 817 17.

182 833 393 869 Φιλοτεχνημα,
421 839 492 870 opus
519 831 645 860 studiose
671 830 867 868 elaboratum,
891 829 930 860 ad
959 829 1026 861 Att.

143 871 247 908 XIII,
263 873 314 902 40.

183 919 348 953 Φιλοτιμια,
361 914 506 953 hocloco,
524 915 682 945 Philotimi
703 916 792 953 actio,
808 914 848 945 ad
861 914 931 946 Att.
949 914 1028 953 VII,

187 1005 378 1041 Φιλοφρονως,
388 1001 566 1037 humaniter,
580 1007 724 1037 amanter,
739 1001 778 1031 ad
789 999 856 1031 Att-
873 1001 949 1039 XV,
965 1003 1015 1031 15.

184 1049 296 1080 Φλιους,
311 1049 415 1080 omos,
432 1050 541 1081 Σιπους,
558 1045 674 1079 Phlius,
690 1046 778 1085 Opus,
796 1045 896 1086 Sipus,
913 1044 952 1074 ad
967 1046 1031 1075 Att.

144 1085 206 1122 VI,
223 1091 254 1125 2,
271 1086 395 1116 nomina
410 1087 602 1127 oppidorum.

186 1136 323 1169 Φλυαρος,
335 1133 486 1167 garrulus,
499 1130 537 1159 ad
553 1130 625 1160 Div.
643 1129 721 1168 XV,
741 1132 791 1159 18.

187 1173 302 1210 Φοὲερον
315 1174 559 1213 nv,jbrnzidobile
575 1180 650 1211 erat,
667 1173 705 1203 ad
716 1173 782 1202 Att.
795 1171 896 1212 XIII,
913 1173 966 1208 37.

187 1223 335 1252 mecvm-15,
351 1217 523 1253 prudentia,
537 1215 601 1246 Off.
623 1216 650 1249 I,
668 1217 719 1246 43.

188 1266 328 1295 avosca-rm,
341 1261 546 1295 conturbator,
559 1258 597 1288 ad
607 1261 670 1289 Att.
689 1259 734 1288 V]
742 1259 768 1295 I,
786 1261 812 1288 1.
858 1259 908 1289 Ita
922 1258 1032 1289 dicitur

143 1299 329 1331 Philotimus
343 1300 479 1338 libertus,
497 1301 550 1342 qui
566 1308 735 1341 επεφυρακει
752 1301 783 1331 in
798 1301 963 1332 rationibus
978 1303 1032 1332 bo-

142 1353 252 1373 norum
275 1342 414 1380 Milonis,
430 1343 460 1373 h.
477 1355 501 1374 e.
518 1342 571 1384 qui
586 1344 714 1373 rationes
732 1343 774 1373 ita
789 1346 1029 1383 conturbaverat,

144 1393 180 1416 ut
205 1385 292 1416 facile
316 1385 545 1426 inteffigeretur,
572 1395 706 1427 nequam
729 1397 791 1417 esse
813 1387 981 1425 hominem,
1003 1393 1033 1417 et

144 1429 303 1459 fraudibus
319 1429 373 1458 uti.

187 1476 296 1511 Φυρμος
311 1477 412 1506 πολυς,
428 1472 614 1502 conturbatio
629 1473 732 1511 mullo,
749 1472 788 1502 ad
802 1471 869 1502 Att.
886 1471 982 1511 XIV,
1001 1474 1031 1502 5.

147 1514 314 1551 Antonius,
329 1513 451 1552 aleator,
476 1515 556 1544 Phil.
574 1513 620 1551 II,
638 1515 740 1545 omnia
760 1516 846 1545 nobis
862 1516 1035 1554 conturbat,

146 1567 217 1588 cum
233 1556 409 1587 Caesarianis
421 1567 482 1587 non
497 1557 616 1596 resistit,
633 1558 685 1588 sed
696 1558 732 1588 iis
743 1558 842 1599 potius
857 1557 947 1588 favet.

189 1607 270 1636 Φυσᾳ
286 1611 339 1638 γαρ
356 1611 384 1628 ου
397 1610 561 1640 σμικροισιν
585 1605 732 1634 aomo-xum
755 1613 810 1636 ετι,
833 1602 902 1630 αλλ’
924 1612 1036 1640 αγριαις

148 1649 283 1681 ‹pua-uam,
308 1642 444 1681 φορβειας
460 1654 541 1683 ατερ,
558 1642 597 1672 ad
612 1643 678 1673 Att.
696 1642 744 1681 II,
766 1645 815 1673 16.
838 1643 963 1673 Horum
981 1643 1036 1672 So-

148 1685 344 1725 phocleorum
367 1694 521 1723 versuum,
542 1695 618 1726 quos
633 1691 662 1716 et
682 1685 849 1726 Dionysius
864 1685 1036 1724 Longinus,

147 1734 215 1767 Περι
232 1728 350 1764 Ὗψους,
363 1732 433 1758 sect.
445 1728 477 1765 3,
490 1728 748 1767 commemoravit,
760 1728 965 1770 interpretatio
976 1737 1037 1758 non
