1122 1868
166 48 209 77 50
436 44 588 77 INDEX
610 45 786 78 LEGUM.

166 137 252 168 sent3
277 131 358 163 unde
373 132 437 164 Cic.
456 131 529 174 Agr.
546 132 575 171 I,
591 133 624 171 2,
640 132 786 163 tabellam
801 132 945 164 vindicem
961 134 1057 164 tacitae

167 175 308 205 libertatis
320 181 415 206 vocat.

213 217 248 256 2)
268 220 373 256 Cassia,
391 220 431 249 L.
448 218 537 249 Cassii
553 219 696 258 Longini,
717 218 786 249 trib.
805 218 849 260 pl.
865 220 908 249 A.
918 219 960 250 U.
982 219 1056 259 616,

167 260 240 301 (qui
255 262 396 302 scopulus
411 271 530 292 reorum
545 261 576 291 in
587 262 719 302 praeturit
730 262 828 292 (lictus
841 267 896 300 est,
912 263 1059 303 cujusque

167 305 208 334 ob
232 305 419 335 severitatem
437 304 554 344 judices
583 304 677 334 severi
703 304 774 335 dicti
802 310 875 335 sunt
906 304 1056 345 Cassiani)

169 348 206 376 de
225 348 324 386 populi
338 349 467 385 judicia,
483 353 519 377 ut
536 347 642 378 Cicero
657 353 755 385 vocat,
779 347 816 378 de
833 348 979 388 Legibus,
997 348 1019 378 l·
1033 359 1058 381 c.

168 389 219 419 Εέι
233 390 300 430 lege
315 390 465 421 sancitum
486 396 540 426 est,
561 396 593 420 ut
612 391 723 420 tabellae
739 392 825 420 etiam
839 392 994 431 injudicio
1008 402 1058 430 po.

167 434 232 471 puli
249 433 468 471 adhiberentur,
487 440 684 473 proelerquam
706 434 867 473 injudicio
882 435 1061 473 perduellio-

168 476 225 505 nis.
250 476 340 506 Conf.
355 487 411 516 pro
427 477 542 514 Sextio,
559 487 583 506 c.
603 477 654 505 48.
686 476 757 513 Sed,
773 476 806 506 in
819 476 878 507 hac
891 477 957 517 lege
971 477 1060 508 intel.

167 518 301 558 figenda,
314 519 391 548 mjhi
406 519 546 549 videntur
560 518 651 549 multi
665 518 745 549 docti
759 519 897 550 homines
912 529 973 550 non
988 521 1061 552 satis

169 561 232 591 vim
248 563 409 592 verborum
434 562 595 603 percipere.
624 562 709 592 Nam
733 561 775 592 ita
792 561 883 592 'video
902 562 964 593 fere
983 563 1061 594 acci-

170 614 241 644 pere
256 605 334 635 hanc
346 605 457 645 legem,
474 611 509 635 ut
529 605 566 635 de
586 604 634 635 his
649 604 772 643 judiciis
790 605 851 635 lata
871 605 920 643 sit,
942 616 1012 647 quae
1027 606 1059 637 in

169 647 300 677 comitiis
316 648 422 688 populi
441 648 556 686 fierent,
579 647 662 688 quod
682 647 798 678 dicatur
815 649 851 678 de
864 649 1058 687 populijudi-

169 691 238 726 ι·ὶο,·
261 690 344 731 quod
360 697 404 720 est
418 690 539 721 falsum.
572 691 668 727 Nam,
686 690 719 720 in
741 690 789 720 his
811 690 902 721 etiam
921 691 1056 730 judiciis,

170 733 290 763 tabeuae
311 733 503 771 adhibentur,
521 744 589 774 quae
604 745 619 762 a
635 734 743 763 selectis
747 734 902 772 judicibus
916 744 1057 765 exercen-

170 781 221 805 tur
236 787 244 805 :
263 782 354 817 atque
369 776 401 806 id
416 787 454 807 ex
468 777 528 817 lege
545 775 643 806 cassia
656 776 783 813 factum,
799 781 891 817 atque
902 781 973 807 ante
987 787 1060 808 voce

171 819 402 859 pronuntiatum
418 830 480 849 esse
495 825 590 860 put03
615 818 697 860 quod
720 818 811 849 etiam
833 825 937 860 postea
958 820 1059 851 sanxit

172 862 238 892 Lex
254 861 401 899 Cornelia,
420 862 458 892 de
473 862 621 892 sententia
635 861 771 899 ferend-a,
787 867 822 891 ut
836 862 967 893 liberum
983 869 1060 894 esset

170 914 221 934 reo
236 905 399 945 postulare.
422 905 484 935 Pro
499 905 620 936 Cluent.
634 914 660 935 c.
673 906 724 934 20.
746 904 875 946 Decepit
888 904 991 936 doctos
1004 905 1060 938 ho-

171 948 270 977 mines
292 958 351 978 vox
373 948 493 987 populi‚·
525 958 624 988 neque
646 948 871 984 intellexerunt,
892 949 994 987 populi
1006 951 1061 986 ja-

172 992 249 1021 dicia
265 990 335 1027 dici,
352 1001 411 1021 non
429 991 528 1021 solum
544 1001 578 1021 ea
595 1001 664 1031 quae
679 992 716 1021 ab
732 990 871 1021 universo
888 991 1003 1032 populo
1025 991 1058 1022 in

170 1033 301 1064 comitiis
316 1039 459 1074 aguntur,
479 1034 532 1064 sed
550 1033 652 1063 omnia
664 1034 794 1072 publica,
809 1033 841 1063 h.
857 1043 882 1063 e.
898 1033 930 1063 in
945 1033 1059 1074 quibus

171 1087 268 1106 causa>
287 1078 423 1114 publicae,
446 1082 499 1107 aut
519 1078 642 1107 crimina
661 1076 788 1115 publica,
812 1086 880 1117 quae
900 1082 1056 1115 vocantur,

167 1118 299 1158 judicari
318 1119 425 1156 solent,
442 1126 601 1160 tamquam
620 1119 658 1149 de
672 1118 857 1160 repetundis,
873 1118 911 1149 de
926 1119 1056 1159 ambitu,

174 1161 213 1192 de
230 1161 270 1199 vi,
286 1161 324 1191 de
344 1163 511 1200 majestate,
534 1163 590 1192 διο.
622 1161 699 1192 Haec
714 1167 818 1192 autem
835 1161 950 1201 judicia
959 1163 1060 1201 populi

163 1206 285 1244 justicia
306 1205 509 1244 appellantur,
524 1204 634 1245 primo,
659 1205 731 1245 quia
750 1204 824 1234 olim
842 1204 906 1245 ipse
927 1206 1060 1246 populus

172 1253 356 1285 exercuerat,
367 1258 437 1277 cum
450 1253 562 1288 postea,
573 1247 790 1288 quaestionibus
801 1248 1060 1288 perpetuis,A.U.

173 1291 250 1325 604,
273 1289 409 1330 adeoque
432 1296 501 1320 ante
521 1291 611 1330 legem
629 1291 765 1327 Cassiam,
786 1290 928 1320 constitui
945 1291 1059 1332 coeptis,

173 1333 279 1363 omnia
293 1343 311 1362 a
321 1333 434 1363 selectis
446 1332 599 1373 judicibus
615 1339 834 1370 exercerentur,
846 1339 952 1374 praeter
961 1344 1061 1366 unum

172 1377 246 1415 perd
251 1376 382 1406 uellionis
385 1377 550 1415 judicium,
567 1376 649 1417 quod
659 1377 726 1416 lege
735 1375 894 1416 excipitur,
911 1382 951 1413 et,
963 1387 1062 1418 usque

175 1418 216 1449 ad
232 1419 321 1458 legem
335 1419 449 1448 Julium
464 1420 500 1449 de
514 1421 554 1456 vi,
567 1419 674 1460 populi
687 1418 820 1449 universi
833 1418 911 1449 fuit:
925 1419 981 1453 (V.
991 1420 1060 1451 Ho-

175 1467 250 1492 tom.
263 1461 301 1491 ad
318 1461 405 1492 Verr.
424 1462 471 1501 ΙΙ,
491 1464 510 1491 5
524 1473 533 1498 3
562 1468 591 1491 et
606 1462 694 1493 Orat.
711 1472 767 1502 pro
782 1461 888 1492 Rabir.
905 1462 988 1501 Per.)
1010 1463 1063 1494 de.

174 1504 257 1541 inde,
282 1504 355 1544 quia
375 1505 474 1543 jussu,
495 1505 613 1545 legibus
633 1505 751 1546 populi,
774 1510 804 1535 et
825 1504 890 1534 loco
911 1505 1029 1546 populi,
1045 1516 1064 1537 a

171 1546 326 1586 judicibus
341 1547 640 1578 administrabantur.
657 1548 720 1578 Cic.
737 1547 824 1577 Verr.
841 1547 903 1585 VI,
914 1549 956 1577 48
966 1559 976 1578 2
1001 1548 1066 1583 Quo

177 1591 347 1627 confugient
368 1591 437 1620 socii
450 1591 466 1619 12
477 1612 538 1622 .....
552 1591 600 1620 Ad
621 1591 763 1630 populum
778 1589 943 1620 Romanum
959 1591 1068 1632 confia-

175 1633 257 1673 giem
269 1634 284 1662 :2
302 1633 407 1672 facilis
424 1639 466 1664 est
481 1644 568 1664 causa
582 1635 690 1674 populi.
720 1634 832 1674 Legem
847 1634 922 1663 enim
935 1643 966 1664 se
979 1635 1067 1665 socin-

171 1686 247 1705 ⁴rum
264 1676 351 1707 causti
354 1678 492 1717 jussisse,
515 1683 542 1707 ez
557 1687 602 1708 vos
622 1678 649 1708 ei
671 1676 727 1717 legi
747 1676 876 1708 custodes
891 1687 926 1708 ac
944 1678 1070 1708 vindices
