1137 1848
262 16 410 49 INDEX
436 15 837 47 GRAECo-LATINUS.
952 17 1016 46 455

120 101 284 132 Heraclidis
307 112 376 140 opus
389 103 533 140 videatur,
557 102 596 132 ad
618 102 687 133 Att.
714 102 791 140 XV,
814 103 847 140 4,
872 107 902 132 et
922 105 969 133 13.
986 107 1015 132 et

125 146 177 181 27.
195 145 291 185 XVI‚
308 150 339 176 2.

162 190 269 228 Ἥρως,
292 189 385 225 heros,
401 188 439 218 ad
454 188 522 218 Att.
541 188 621 224 VII,
638 191 685 218 13.
702 188 798 225 XIV,
817 192 846 218 4.
865 188 942 225 XV,
963 188 1011 218 12.

164 232 200 260 ‘H
204 231 275 270 ρωὲη
282 245 304 266 ς,
318 232 465 267 Iler-mlv,
476 231 674 271 philosophus
688 231 893 270 Atheniensis,
906 232 943 261 de
953 242 1014 272 quo

123 273 192 305 vide
209 274 281 304 Iud.
298 274 427 304 Ncmin.
450 274 488 303 ad
506 274 571 303 ΑΜ.
591 273 636 311 11,
654 277 683 304 2.

112 345 114 347 .
165 323 261 351 Ησιτη
270 329 335 353 σας,
350 329 367 346 ιι
379 318 440 347 cibo
456 318 632 354 abstinuisti,
656 317 694 347 ad
708 317 776 347 Att.
797 317 892 355 XIV,
909 320 939 347 5.

166 365 192 389 Η
212 364 333 393 σκολιας
349 371 477 397 ana-rm,
503 360 622 400 supple,
639 370 676 390 ex
694 360 832 398 Platone,
849 361 904 391 lib.
921 360 957 390 ΙΙ
973 360 1011 390 de

117 402 252 443 Republ.
277 414 374 443 τειχος
390 403 508 439 αναβας,
533 414 571 431 mz
586 404 705 443 obliqua*
718 410 744 433 et
759 404 1010 444 versulrefmudis

115 456 265 477 conscenso
281 455 375 482 muro,
398 445 437 475 ad
452 445 520 475 Att.
539 444 638 484 XIII,
655 447 707 475 33.

154 490 340 529 Ἡσυχαζειν,
357 490 511 527 quiescere.
528 488 598 519 Hoc
614 490 705 519 verbo
721 490 885 520 utebantur
900 489 1007 525 Stoici,

114 541 186 562 cum
202 531 335 561 dicerent
349 530 380 560 in
397 531 486 561 sorite
502 541 564 561 esse
576 531 607 561 in
619 538 754 572 tempore
769 532 1007 569 subsistendum,

116 585 145 604 v.
165 584 189 604 c.
213 574 239 603 si
269 579 453 614 quaereretur
466 586 473 604 :
499 574 594 604 triane
624 575 723 605 multa
748 575 832 605 sint?
858 581 937 616 post,
968 585 1007 605 an

111 623 243 658 quatuor
254 616 268 645 ?
291 622 320 646 et
336 616 376 646 sic
387 627 475 657 porro
489 628 497 652 ;
521 617 720 648 desinendum
741 629 802 648 esse
818 619 911 658 paulo
924 624 1006 656 ante,

114 670 209 701 quam
225 659 264 689 ad
278 659 377 689 multa
391 666 571 700 perventum
587 660 634 690 sit.
662 661 756 691 Acad.
774 659 821 698 ΙΙ,
839 664 889 691 29.

159 702 482 742 Huronncev,feliciter
494 704 618 743 peperit,
642 704 681 736 ad
697 703 764 735 Att.
781 704 826 742 X,
850 708 897 736 18.

539 796 575 820 Θ.

150 882 238 909 Θειοι,
257 875 369 914 patrui.
392 874 431 905 ad
453 875 519 905 Att.
541 874 589 915 11,
611 879 641 906 2.
665 877 753 906 nimis
766 876 868 906 severi.
892 875 1002 907 Horat.

110 920 133 938 ‘⁶
151 919 202 949 Ne
217 918 256 948 sis
270 924 398 959 patruus
413 918 526 948 mihi.”

149 967 278 999 Θεοφανη
286 974 309 998 ς,
337 962 532 1001 Theophanes,
551 961 590 992 ad
605 962 673 992 Att.
692 960 739 1000 II,
760 963 789 992 5.
807 960 881 993 Vid.
899 961 997 993 Indic-

106 1004 291 1036 Nominum.

150 1053 338 1086 Θεοφραστου
365 1058 426 1087 περι
443 1052 625 1085 <xum-squas,
650 1047 837 1086 Theophrasti
861 1049 1000 1086 scriplum

105 1093 143 1123 de
157 1091 254 1120 studio
269 1089 420 1127 honorum,
444 1089 483 1120 ad
498 1090 567 1119 Att.
583 1090 630 1128 II,
650 1095 680 1122 3.
697 1091 770 1121 Vid.
787 1091 886 1121 Indic.
902 1091 997 1122 Nom.

148 1141 271 1171 ωερμος,
286 1133 416 1171 lupinus,
432 1133 470 1163 ad
481 1132 546 1162 Att.
563 1132 591 1171 Ι,
608 1137 636 1164 1.
649 1134 674 1164 si
689 1134 772 1164 locus
784 1139 828 1163 est
841 1144 931 1164 sanus
948 1135 1000 1175 (de

105 1188 167 1219 quo
183 1175 324 1206 dubitant
339 1176 419 1206 docti
433 1175 598 1215 homines),
614 1177 695 1207 ludit
711 1177 815 1208 Cicero
829 1175 861 1206 in
876 1178 1000 1207 nomine

107 1218 237 1252 Thermi
262 1224 291 1248 et
314 1230 379 1249 suo.
407 1219 562 1249 Ciceronis
590 1229 701 1250 nomen
727 1226 772 1250 est
794 1230 812 1249 a
837 1221 941 1257 cicere,
969 1227 999 1251 et

103 1266 204 1304 Ξερμοι
229 1267 301 1291 sunt
314 1262 424 1302 lupini,
449 1272 518 1303 quae
533 1269 603 1293 sunt
619 1262 680 1293 duo
695 1273 807 1303 genera
821 1263 996 1303 leguminis.

148 1312 261 1339 Θεσεις,
273 1306 488 1344 propositiones,
504 1307 668 1345 quastimtcs
679 1307 866 1343 uniuersales,
884 1307 919 1335 de
934 1307 998 1346 qui-

106 1351 157 1380 bus
172 1349 295 1386 cogztari
311 1350 512 1388 disputarique
531 1353 623 1386 polest
645 1350 674 1378 in
698 1356 850 1389 utramque
873 1356 995 1387 purtem.

102 1391 258 1431 Exempla
282 1391 460 1431 hujusmodi
483 1391 614 1421 thesium
629 1391 690 1422 vid.
706 1392 727 1421 1.
743 1402 769 1422 c.
788 1391 827 1422 ad
842 1392 909 1422 Att.
927 1391 990 1430 IX,

95 1439 115 1465 4
145 1441 174 1466 et
189 1437 219 1465 9.

118 1458 238 1513 ’Θεσις,
262 1477 390 1506 universi
411 1478 529 1513 generis
556 1478 687 1517 quaestio,
705 1478 824 1516 infinita
860 1478 990 1517 quaestio,

96 1522 282 1561 propositum,
307 1519 363 1550 Or.
383 1520 436 1549 36.
453 1520 533 1561 Top.
550 1521 601 1551 21.

140 1570 262 1595 Θετικα,
279 1563 482 1602 quaestionihus
495 1564 696 1603 philosophicis
706 1563 825 1604 referta,
836 1569 914 1602 apta,
929 1563 990 1594 Pa-

94 1607 158 1639 rad.
176 1605 268 1636 Praef.

138 1656 345 1688 Θετικωτερον,
366 1648 404 1679 ad
420 1648 483 1686 Qu.
508 1649 559 1679 Fr.
576 1649 644 1687 III,
667 1650 697 1680 3.
724 1650 871 1687 subtilius,
900 1655 986 1689 φιλο-

94 1699 262 1732 Μγωτερον,
278 1691 376 1731 magis
391 1702 428 1722 ex
443 1697 506 1722 arte
520 1692 683 1723 disserendi
698 1692 862 1724 dialectiefi.

139 1741 331 1773 Θεωρηματα,
346 1741 491 1774 percepta,
515 1734 582 1766 Fat.
599 1739 629 1766 6.
644 1736 698 1767 ubi
713 1735 791 1767 vide·
