1122 1868
153 70 217 102 242
369 71 518 104 INDEX
542 72 829 106 HISTORICUS.

155 157 304 198 Pompeio
314 157 422 189 ferenti
436 159 545 190 resistit
555 159 617 197 Qu.
632 159 824 189 Hortensius.
847 156 930 188 Phil.
943 156 1041 194 XIV,

154 201 184 230 8.
207 201 234 230 ei
254 201 308 231 uni
326 202 482 242 contingit,
503 208 537 232 ut
561 202 740 242 supplicatio
761 203 799 232 ob
822 200 1043 241 rempublicam

154 244 233 274 bene
246 250 363 284 gestam
378 248 546 285 negaretur.
565 245 613 275 Cf.
628 245 691 282 Qu.
707 245 758 275 Fr.
777 244 824 280 II,
842 245 871 273 8.
888 243 940 273 sed
955 243 992 273 de
1007 253 1043 273 eo

155 287 254 326 plenae
277 294 348 318 sunt
362 288 510 318 orationes
527 286 680 319 Ciceronis
700 293 768 328 post
789 286 922 317 reditum
937 287 976 316 ab
991 296 1046 316 ex-

156 329 223 359 silio
238 329 358 360 habitae.

201 373 242 402 P.
260 373 410 404 Gabinius
430 374 540 413 Capito,
560 374 656 404 Arch.
674 376 703 403 5.
726 379 836 414 praetor
858 372 899 402 A.
912 372 953 403 U.
971 371 1044 401 664.

157 414 190 445 in
217 414 318 446 Caecil.
346 418 397 446 20.
418 424 574 447 accusatur
593 428 610 447 a
626 417 665 447 L.
683 417 793 447 Pisone
813 416 850 446 de
870 414 1047 456 repetundis

156 464 225 498 post
240 458 481 489 administratam
496 459 659 490 Achaiam.

201 503 240 531 P.
257 502 409 532 Gabinius
434 503 558 532 Cimber.
575 503 665 532 Catil.
683 501 747 540 III,
769 502 798 532 3.
817 500 1024 533 Catilinarius.

202 546 234 574 C.
257 546 366 582 Galba,
383 546 466 575 Serv.
486 545 594 575 Galbae
613 545 738 575 oratoris
761 545 851 575 filius.
875 544 930 574 Or.
949 542 976 580 I,
994 543 1045 572 56.

156 585 246 617 Brut.
264 588 314 617 26.
332 588 383 617 32.
398 594 427 617 et
442 588 494 618 34.
518 588 554 617 P.
574 587 675 617 Crassi
695 587 835 618 Muciani
855 596 956 627 gener.
983 586 1047 615 Ro-

157 629 278 669 gatione
302 628 434 660 Manilia
458 641 617 671 oppressus
644 636 709 660 est:
734 640 789 670 pro
816 640 846 660 se
869 629 935 669 ipse
959 627 1046 658 dixit.

158 672 282 703 Primus
296 679 363 712 post
378 673 419 703 U.
440 673 475 703 C.
494 684 510 704 e
530 673 655 714 collegio
677 673 865 703 sacerdotum
886 671 1048 702 damnatus

158 721 202 745 est
215 715 328 754 judicio
344 716 476 756 publico.

204 758 241 787 Ρ.
266 758 376 795 Galba,
400 758 489 788 Verr.
513 758 561 796 ΙΙ,
589 759 620 795 7.
643 765 771 790 senator.
798 758 877 789 Har.
902 757 995 797 Resp-
1017 758 1047 787 6.

159 800 306 841 pontifex.
329 803 399 831 Att.
424 801 452 839 I,
481 805 506 832 l.
526 812 582 842 pro
601 802 688 832 Mur.
710 803 738 832 8.
761 801 837 842 petit
857 800 1048 831 consulatum

160 854 231 874 cum
248 843 391 874 Cicerone
405 844 468 874 sine
483 855 545 885 spe.

204 888 289 917 Serv.
307 888 468 926 Sulpicius
491 887 600 925 Galba,
626 888 663 918 de
678 887 734 919 Or.
755 886 801 924 II,
820 887 871 916 65.
891 885 998 916 Rabir.
1020 886 1056 921 7.

160 935 270 967 orator,
294 930 330 965 is,
355 930 409 971 qui
425 931 529 961 consul
545 931 604 961 fuit
619 941 690 961 cum
706 931 754 960 M.
773 928 903 960 AEmilio
926 930 1049 960 Scauro.

161 972 253 1003 Brut.
271 974 322 1002 21.
346 974 519 1014 eloquentia
534 974 682 1014 praestitit.
707 973 762 1005 Or.
777 973 806 1010 I,
820 974 871 1002 53.
882 971 970 1002 valde
983 971 1052 1001 lau-

161 1015 251 1046 datur
267 1017 331 1055 ejus
347 1016 466 1046 dicendi
481 1016 566 1047 ratio.
590 1017 714 1046 Primus
730 1027 769 1047 ex
782 1014 900 1046 Latinis
916 1025 981 1045 rem
996 1025 1053 1044 au-

161 1069 242 1098 gere,
259 1069 375 1096 ornare,
400 1069 531 1095 movere,
553 1059 710 1096 delectare,
736 1058 833 1099 coepit.
856 1056 921 1094 111,
946 1058 975 1093 7.
997 1057 1053 1087 ali-

163 1101 238 1142 quid
263 1102 430 1142 asperitatis
452 1102 484 1131 in
506 1101 632 1132 dicendo
654 1102 770 1132 habuit.
793 1101 879 1131 Mur.
903 1101 955 1130 28.
971 1110 990 1129 a
1004 1099 1053 1130 M.

164 1144 291 1181 Catone,
313 1155 425 1185 proavo
440 1144 605 1181 Uticensis,
626 1144 739 1175 frustra
758 1149 925 1174 accusatur.
950 1142 1006 1173 Or.
1024 1141 1053 1180 Ι,

163 1188 217 1217 53.
244 1193 314 1227 post
337 1193 514 1228 praeturam,
540 1188 725 1228 Hispaniam
750 1186 891 1217 obtinuit.
918 1184 957 1215 In
981 1195 1053 1216 eum

163 1235 231 1270 post
246 1230 377 1260 reditum
393 1230 592 1271 quaestionem
614 1230 686 1260 tulit
702 1230 740 1260 1..
757 1228 942 1265 Scribonius,
958 1238 1053 1269 quam

162 1274 266 1303 minus
282 1273 411 1313 graviter
426 1273 602 1314 deprecatus
622 1284 640 1303 a
654 1273 781 1314 populo,
798 1278 828 1303 et
842 1272 884 1302 sic
904 1271 1051 1301 liberatus

164 1322 218 1346 est.
243 1315 316 1346 Vid.
344 1317 467 1347 Sueton.
493 1316 582 1346 Galb.
600 1316 630 1345 3.
648 1322 677 1346 et
700 1316 743 1346 ibi
757 1316 881 1356 interpr.
906 1313 995 1344 Idem
1010 1319 1054 1345 est

165 1358 219 1399 qui
233 1359 409 1389 nominatur
423 1359 462 1389 ad
478 1358 556 1389 Her.
573 1358 633 1397 IV,
651 1360 682 1389 5.

210 1403 293 1432 Serv.
310 1401 421 1439 Galba,
445 1404 588 1443 (proavus
608 1401 810 1443 imperatoris)
834 1399 873 1432 ad
892 1400 968 1430 Div.
989 1398 1052 1437 VI,

169 1445 215 1474 18.
234 1454 359 1485 sponsor
379 1445 413 1475 fit
436 1455 491 1485 pro
513 1445 659 1486 Pompeio
677 1444 749 1475 filio.
773 1444 854 1474 Phil.
876 1441 976 1479 XIII,
1004 1443 1053 1472 15.

165 1487 204 1516 ad
222 1487 294 1517 Div.
318 1487 362 1523 X,
388 1488 439 1517 30.
456 1487 493 1517 de
511 1488 735 1528 percussoribus
756 1486 891 1517 Caesaris.
915 1485 1054 1525 Epistola

166 1529 205 1559 ad
219 1530 395 1560 Ciceronem
411 1530 448 1560 de
463 1531 568 1571 pugna
585 1530 767 1569 Mutinensi,
784 1529 824 1560 ad
835 1529 908 1560 Div.
922 1526 986 1565 XI,
1002 1528 1053 1558 18.

166 1571 207 1603 V.
225 1573 350 1603 Sueten.
365 1573 386 1602 1.
404 1583 429 1603 c.
445 1579 474 1603 et
491 1571 566 1604 Intt.

213 1615 316 1651 Galen,
339 1618 408 1645 Att.
425 1615 488 1653 XI,
511 1617 559 1646 ll.
578 1615 728 1646 haeredem
745 1614 921 1646 Ciceronem
936 1613 1017 1644 facit.

215 1658 360 1693 Galeotoe,
384 1658 459 1688 Div.
485 1659 514 1695 I,
536 1660 587 1689 20.
603 1659 779 1700 interpretes
798 1663 1007 1699 portentorum
1021 1655 1055 1686 in

167 1699 279 1731 Sicilia.
303 1700 446 1730 Pearcius
461 1707 549 1742 putat
571 1711 635 1734 esse
649 1712 688 1733 ex
710 1701 807 1733 Hebr.
823 1701 914 1733 verbo
927 1699 992 1739 7153,
1008 1709 1054 1730 re-

167 1743 288 1780 velavit,
305 1743 475 1784 explicavit.
