1137 1848
223 68 372 100 INDEX
395 68 647 100 GEOGRAPH
653 68 763 101 ICUS.
893 70 936 99 63

93 153 262 190 Ambracia,
277 155 315 186 ad
330 156 420 186 Brut.
437 157 468 192 5,
489 157 562 186 urbs
577 155 767 196 Thesprotiae
782 154 813 184 in
829 154 936 196 Epiro,

50 194 88 225 ad
103 196 203 227 sinum
220 197 430 228 Ambracium.
457 198 549 229 Unde

92 239 290 276 Ambraciota,
305 241 397 272 Tusc.
415 241 456 279 Q.
473 240 501 278 Ῑ,
518 242 570 271 34.

92 283 222 318 Ameria,
236 284 439 324 municipium
455 284 486 313 in
502 284 642 314 Umbriss.
664 283 756 314 Unde
773 283 916 313 Amerini.

91 325 317 364 Ameslratz'nus,
331 326 417 357 Orat.
431 327 462 357 in
478 327 565 357 Verr.
582 328 643 364 lv,
658 328 699 357 :59
713 338 722 362 ς
747 327 811 363 VI,
828 327 879 362 51,
897 327 936 355 ab

48 366 204 405 Amasti-2⁴1,
220 380 243 400 s.
258 368 445 408 Amestrato,
461 370 573 411 oppido
589 370 709 409 Siciliae,
725 379 808 399 mare
820 379 935 406 versus,

48 409 87 439 ad
103 410 253 442 Halesum
268 413 407 443 fluvium.

90 453 223 492 Amisus,
240 455 315 496 Leg.
335 456 424 486 Man.
441 456 472 494 8,
489 456 636 496 oppidum
652 455 753 486 nobile
770 454 869 484 Ponti.

90 495 322 538 Amphictyones,
345 499 383 528 de
406 498 472 528 Inv.
491 497 537 535 II,
560 500 611 536 23,
632 508 794 529 commune
810 497 936 528 Graeciae

46 539 219 578 concilium,
241 543 328 580 cujus
350 552 429 582 saepe
448 542 563 571 mentio
582 542 664 581 apud
685 541 934 571 Demosthenem.

48 580 119 611 Vid.
138 582 209 613 Van
225 583 337 622 Dalen,
355 585 435 615 Diss.
447 584 484 614 de
500 585 635 615 Concilio
650 584 928 624 Amphictyonum.

89 625 304 665 Amphilochia,
320 628 352 657 in
369 628 471 658 Pison.
485 628 537 665 40,
554 638 625 668 ager
640 627 716 658 circa
728 629 836 667 Argos,
854 626 934 656 Am-

45 665 257 707 philochorum
273 672 379 701 urbem
395 671 425 700 in
444 671 625 701 Acarnania.

90 712 291 751 Ampsanctus,
307 713 344 744 de
359 713 431 743 Div.
449 713 476 750 Ι,
494 715 545 750 36,
562 714 645 743 lacus
658 712 824 754 pestilentis
840 722 934 752 vapo-

44 751 84 782 ris
99 753 131 783 in
147 754 308 796 Hirpinis:
333 757 370 787 de
390 767 451 797 quo
466 756 526 787 vid.
542 756 652 797 Virgil.
670 757 744 787 AEn.
760 755 840 793 VII,
857 756 932 793 565,

42 804 110 836 sqq.
123 802 152 827 et
167 798 209 828 ibi
223 798 409 840 interpretes.

86 841 234 880 Anagnia,
250 841 332 873 dives
344 844 415 873 urbs
424 842 456 872 in
469 841 619 873 Hernicis.
633 842 664 873 V
666 842 745 883 irgil.
760 841 836 872 AEn.
850 840 930 880 VII,

43 883 125 914 684:
151 884 233 914 unde

85 925 244 967 Anagnini,
262 926 374 968 Philip.
392 928 408 958 I
413 929 438 964 Ι,
455 930 507 963 41,
524 934 553 958 et

85 970 288 1008 Anagninum,
313 970 352 1000 ad
376 971 444 1001 Aa.
470 971 552 1009 XII,
582 972 611 1010 1,
633 970 783 1012 praetlium
805 969 837 1001 in
859 980 932 1012 agro

40 1010 203 1053 Anagniae.

86 1056 113 1085 Α
117 1066 200 1092 acon,
212 1055 250 1086 ad
261 1055 415 1093 Att.VII,
431 1058 480 1094 ll,
495 1057 598 1088 eadem
612 1068 681 1098 quae
693 1057 786 1097 vulgo
796 1056 930 1092 Ancona,

40 1099 114 1128 urbs
129 1098 282 1130 maritima
296 1099 327 1129 in
343 1110 415 1140 agro
432 1100 552 1130 Piceno.
569 1099 679 1131 Ancon
694 1106 796 1130 autem
813 1105 857 1130 est
868 1099 932 1129 usi-

40 1141 132 1214 }alqius
147 1141 305 1173 veteribus.
328 1142 369 1173 V.
387 1142 590 1184 Oudendorp.
601 1143 638 1173 ad
649 1143 727 1174 Caes.
738 1142 820 1174 B.C.
834 1141 862 1180 I,
882 1143 931 1173 12.

77 1194 126 1215 mc

82 1227 296 1266 Anconitaaus,
313 1227 369 1259 Or.
384 1239 440 1270 pro
457 1228 579 1260 Cluent.
598 1230 648 1259 14.

81 1271 198 1300 Andria
213 1271 360 1309 Terentii,
376 1274 415 1302 ab
431 1272 546 1311 Andro,
569 1271 739 1313 Cycladum
755 1270 864 1302 insula.

82 1315 233 1352 Aniensis,
249 1313 287 1344 ad
307 1314 382 1347 Div.
398 1314 496 1354 VIII,
521 1317 552 1355 8,
577 1315 673 1346 tribas
694 1314 854 1345 rusticanae
873 1324 928 1345 no-

37 1366 119 1388 men.

82 1400 175 1436 Anio,
191 1398 302 1429 fluvius
319 1399 511 1431 Sabinorum.

81 1443 230 1481 Antiates,
246 1442 335 1472 Antii
350 1443 466 1482 incolae,
483 1444 521 1474 ad
536 1444 604 1474 Att.
621 1442 667 1481 II,
684 1444 715 1473 6.

82 1485 287 1521 Antilibanus,
312 1495 399 1517 mons
429 1498 520 1528 snpra
548 1497 632 1517 mare
658 1485 830 1522 Sidonium,
860 1486 926 1526 qui,

38 1539 109 1559 cum
126 1528 256 1564 Libano,
279 1528 341 1561 (cui
361 1530 559 1560 exadversum
576 1530 650 1560 situs
666 1535 720 1566 est,
737 1529 850 1569 ubique
865 1529 929 1559 fere

39 1571 207 1612 aequalibus
223 1570 391 1609 disjunctus
407 1572 525 1613 spatiis)
544 1573 737 1611 Coelesyriam
753 1572 928 1612 complecti-

38 1619 97 1644 tur.
113 1614 151 1644 ad
167 1613 233 1644 Att.
251 1612 297 1648 ΙΙ,
317 1615 364 1644 16.
389 1615 429 1646 V.
446 1616 586 1647 Strabon.
602 1614 664 1652 VI,
683 1626 713 1656 p.
733 1615 826 1645 1096.

80 1657 246 1696 Antiochia,
263 1657 302 1687 ad
316 1658 385 1688 Att.
401 1659 444 1697 V,
464 1659 515 1698 18,
531 1664 623 1700 caput
638 1658 742 1699 Syriae.
766 1657 850 1688 Hinc
860 1656 925 1687 An-

39 1700 198 1730 tiochenus.

79 1742 211 1782 Antium,
228 1743 300 1773 urbs
316 1744 423 1774 veteris
441 1744 522 1775 Latii
541 1744 579 1775 ad
594 1754 689 1783 mare,
713 1743 837 1774 celebris
851 1742 925 1773 olim
