1137 1848
322 75 372 106 IN
378 74 473 105 DEX
496 73 781 106 HISTORICUS.
936 72 995 107 157

110 161 205 201 Apud
217 161 338 192 Graecos
353 161 499 202 quosdam
516 161 654 191 scribitur
667 160 839 200 Bardyllz's.
851 157 892 188 V.
903 158 997 189 WVcs-

106 205 212 245 seling.
227 205 266 234 ad
281 204 465 240 Diodorum,
481 203 577 241 XVI,
593 215 624 244 p.
640 205 713 234 409.

149 248 308 285 Baruoeus,
326 248 390 278 Att.
408 246 503 285 XIV,
525 251 571 278 19.

147 291 195 320 Μ.
213 291 354 324 Basilius.
373 301 396 320 s.
413 290 543 326 Basilus,
559 290 680 320 Cluent.
698 289 751 319 38.
775 293 902 319 senator.

150 332 287 371 Basilius,
303 333 341 363 ad
356 332 428 362 Div.
445 333 507 372 VI,
528 336 577 364 15.
603 332 803 369 Caesarianus,
820 331 874 372 qui
889 336 993 371 postea

105 385 137 405 111
153 385 223 406 eum
240 376 415 416 conjuravit.

146 419 290 457 Basilius,
308 419 388 449 Phil.
406 416 452 457 II,
472 420 525 448 41.
538 417 687 459 gladiator
703 417 740 448 de
754 427 845 458 grege
860 416 910 446 M.
924 416 992 446 An-

101 460 186 491 tonii.

148 503 275 540 Basilus,
289 504 357 535 Ate.
374 503 455 541 VII,
477 505 506 534 9.
523 505 651 534 bustum
667 503 776 542 Basih',
793 503 876 533 locus
892 502 924 532 in
940 502 991 532 via

102 546 206 587 Appia
220 548 386 577 latronibus
401 547 537 577 infestus.

145 591 265 619 Basilus
281 590 449 620 Minucius.
473 589 513 619 V.
530 590 560 619 in
578 590 756 619 Minucius.

148 632 261 671 Bassus,
277 633 315 662 ad
327 633 398 662 Div.
418 631 498 669 VII,
515 634 565 663 20.
590 632 662 662 Vid.
682 633 838 662 Caecilius.

148 674 267 712 Bassus,
285 675 430 705 Lucilius.
458 675 498 704 V.
515 675 545 704 in
565 676 711 705 Lucilius.

149 717 279 755 Battara,
303 718 341 748 ad
362 718 435 748 Div.
452 717 532 753 VII,
550 719 591 748 9:
616 729 671 758 pro
692 728 753 759 quo
768 718 831 755 alii,
852 717 993 748 Vacerra.

102 761 234 791 Videtur
248 761 404 791 familiaris
420 760 556 790 Trebatii
572 761 671 791 fuisse.

144 803 311 840 Battanz‘us,
327 804 395 834 Att.
409 803 470 841 Vl,
487 805 515 833 8.
533 804 647 834 amicus
659 803 752 834 Attici
768 809 797 833 et
812 802 974 834 Ciceronis.

144 848 193 877 M.
212 846 346 884 Bebrius,
363 846 484 876 cluent.
505 847 552 875 16.
569 852 688 877 senator
704 847 796 876 Rom.

147 888 389 928 Bellerophontes.
406 890 499 919 Tusc.
516 889 580 924 III,
598 890 648 919 26.

145 933 178 962 C.
191 933 305 962 Annius
323 932 480 962 Bellienus.
496 933 585 962 Font.
603 942 628 962 e.
651 933 680 962 4.
706 932 800 962 Hunc
813 941 873 962 non
889 931 987 962 diver-

99 985 167 1005 sum
182 986 200 1005 a
214 975 250 1005 C.
275 975 405 1005 Billieno
423 976 465 1015 (v.
483 974 570 1013 infr.)
588 981 675 1015 putat
690 975 851 1005 Tristanus
867 974 990 1005 Comm-

99 1019 143 1048 T.
168 1018 198 1055 Ι,
220 1029 249 1058 p.
267 1019 318 1048 90.
333 1017 415 1058 quod
435 1018 511 1047 mihi
532 1024 705 1058 temporum
727 1018 802 1047 ratio
814 1017 987 1058 permittere

99 1070 160 1091 non
176 1060 302 1091 videtur.
326 1060 393 1091 Nec
408 1071 514 1090 verum
531 1067 585 1097 est,
608 1071 677 1090 eum
698 1060 840 1090 habuisse
855 1060 986 1090 duarum

99 1103 236 1144 gentium
252 1103 376 1133 nomina
396 1114 449 1143 per
470 1103 672 1143 adoptionem.
705 1103 862 1133 Bellienus
878 1109 921 1133 est
936 1113 986 1132 co-

98 1155 241 1186 gnomen.
277 1146 344 1176 Nec
369 1145 500 1186 denique
521 1146 691 1176 Betilienus
707 1146 915 1186 reponendum
932 1155 987 1185 pro

95 1188 264 1225 Bellienus,
280 1189 334 1219 etsi
343 1189 373 1218 in
385 1198 512 1218 nummo
527 1189 665 1226 occurrit,
679 1194 708 1219 et
723 1190 843 1219 Senecae
858 1188 985 1218 redden-

97 1231 172 1261 dum
184 1231 311 1262 videtur.
336 1231 438 1262 Nimis
450 1232 593 1272 saepehoc
604 1241 715 1262 nomen
731 1232 762 1261 in
778 1232 862 1262 libris
880 1241 985 1261 occur-

96 1280 146 1305 nt.

142 1318 182 1348 L.
198 1317 357 1350 Bellienus,
374 1316 454 1347 Phil.
465 1316 512 1354 ΙΙ,
525 1318 577 1347 36.
602 1317 818 1358 Pompeianus,
831 1318 918 1355 cujus
930 1316 984 1346 do-

96 1369 177 1398 mus,
192 1366 260 1401 post
282 1359 393 1390 caedem
411 1360 549 1398 Caesaris,
570 1360 692 1390 incensa
712 1366 766 1399 est,
788 1366 817 1390 ct
837 1359 983 1400 deflagra-

94 1404 148 1434 vit.

141 1445 298 1482 Bellienus,
319 1445 357 1476 ad
378 1445 496 1476 Divers.
516 1445 617 1483 VIII,
637 1446 684 1475 15.
707 1455 798 1475 verna
822 1445 983 1475 Demetrii.

97 1487 178 1519 Cum
193 1489 330 1529 praesidio
346 1495 389 1519 est
406 1488 567 1518 Intemelii.
591 1490 622 1518 A
637 1499 698 1528 quo
718 1488 793 1518 forte
807 1498 868 1518 non
884 1488 983 1518 diver-

96 1542 147 1563 sus
162 1537 205 1562 est
220 1532 294 1562 alter
316 1532 355 1561 ad
377 1531 448 1561 Div.
466 1531 561 1568 XVI,
582 1533 631 1561 22.
649 1531 740 1561 homo
754 1531 913 1571 pessimus,
927 1530 983 1560 fla-

95 1575 231 1616 gitiosus.
257 1574 392 1611 Quidam
409 1576 550 1604 Bilienus
561 1587 571 1603 .·
597 1574 678 1614 quod
694 1574 773 1604 idem
787 1583 896 1603 nomen
913 1579 966 1604 est.

140 1616 238 1652 Belus,
255 1617 329 1647 Nat.
343 1617 384 1647 D.
401 1617 467 1654 ΙΙΙ,
486 1618 534 1646 16.
561 1616 706 1646 Indorum
725 1616 883 1646 Hercules.

138 1661 179 1690 L.
196 1659 307 1696 Bestia,
324 1671 340 1690 e
355 1660 539 1701 Calpurniis,
556 1660 645 1689 Brut.
661 1660 712 1689 34.
730 1661 826 1689 bonus
842 1659 981 1688 tribunus

95 1703 203 1744 plebis,
215 1702 397 1742 Popillium,
414 1714 432 1733 a
447 1703 483 1733 C.
495 1702 631 1733 Graccho
641 1702 816 1743 expulsum,
828 1701 883 1731 sua
893 1711 981 1741 roga.-

96 1746 176 1776 tione
197 1745 336 1827 restit)uit.
361 1746 435 1777 Post
452 1746 655 1783 consulatum,
677 1754 837 1786 oppressus
857 1749 900 1774 est
914 1744 982 1785 lege

144 1789 271 1829 (Clavis.
744 1796 763 1817 Ρ
