1137 1848
349 44 499 75 INDEX
523 44 806 76 HISTORICUS.
962 47 1020 82 179

136 128 228 159 donia
251 129 290 159 de
314 130 487 170 repetundis
510 130 673 161 damnatus
703 136 755 162 est.
779 131 869 161 Balb.
901 130 949 168 ΙΙ,
974 133 1022 163 11.

138 171 311 211 damnatus,
328 173 415 203 exsul
431 173 602 204 Tarracone
618 174 704 205 vixit.
725 175 815 204 Brut.
832 175 883 204 28.
908 175 1023 205 medio-

136 214 193 245 cris
215 221 322 246 orator.
348 216 436 247 Brut.
453 217 505 247 34.
530 217 613 257 Lege
629 217 773 247 Mamilia
797 223 864 257 post
886 219 1024 249 consula-

140 263 206 287 tum
225 259 331 298 (quem
347 260 438 299 gessit
449 260 491 289 A.
508 260 548 290 U.
566 261 638 290 639.
643 259 654 298 )
679 270 838 300 oppressus
853 267 906 290 est.

183 302 219 331 C.
239 303 322 337 Cur.
339 302 377 332 ad
401 302 473 332 Div.
496 303 525 339 Ι,
543 305 572 333 2.
596 303 737 333 tribunus
756 303 864 343 plebis,
892 303 1026 335 Marcel-

134 343 197 374 lino
213 350 241 374 et
257 344 401 386 Philippo
417 356 490 376 coss.
506 345 540 376 it.
559 357 605 386 ep·
625 347 654 375 4.
672 347 700 376 5.
724 346 822 385 legem
838 346 895 376 fert
915 347 975 377 de
967 357 1026 377 1111-

134 387 218 427 perio
234 387 366 418 Lentulo
382 389 558 428 Spintheri'
550 399 582 418 111
603 388 713 419 Cilicia
728 389 910 428 abrogando.
928 389 966 419 ad
982 390 1024 438 Q.

137 429 190 460 Fr.
210 430 237 467 Ι,
255 432 284 460 2.
302 433 331 460 5.
357 431 524 462 Gabinium
540 432 578 462 de
589 432 707 462 ambitu
723 442 861 462 accusare
876 433 982 469 voluit,
992 433 1024 463 in

136 483 198 513 quo
213 483 306 514 prope
321 474 434 504 occisus
450 481 502 505 est.
527 475 565 505 ad
586 476 652 505 Att.
670 473 717 505 IV
721 496 730 510 a
750 475 798 504 15.
815 481 845 505 et
868 476 915 505 16.
941 476 1025 516 Lege

135 516 234 546 ‚Iunia
250 522 279 546 et
294 516 414 547 Licinia
436 518 611 548 absolvitur.
636 517 726 547 Fufia
747 518 837 547 etiarn
857 528 936 553 reus,
953 529 1024 548 cum

135 558 255 589 Milone
276 566 305 589 et
328 560 471 590 Cicerone
491 561 523 590 in
543 561 673 601 gratiam
695 560 783 598 redit,
806 560 954 602 Pompeio
969 562 1024 591 ite-

134 611 203 631 rum
219 603 350 633 consule.

179 646 217 675 L.
238 646 323 681 Cato,
347 656 402 686 pro
417 645 523 676 Rabir.
541 648 570 681 7.
591 657 646 687 pro
662 646 751 676 Font.
770 649 818 677 15.
839 647 944 677 consul
967 647 1026 677 fuit

137 698 208 718 cum
224 688 281 718 C.n
299 689 445 729 Pompeio
468 690 626 725 Strabone,
650 691 689 719 A.
707 690 778 718 664.
800 695 934 730 tempore
954 691 1026 720 belli

137 731 275 767 socialis3
299 732 331 761 in
347 742 408 772 quo
424 732 534 772 periit:
558 732 596 762 de
607 742 668 773 quo
684 732 744 762 vid.
760 732 846 773 App.
863 734 903 764 Β.
918 733 953 764 C.
970 733 1024 763 lib.

135 773 163 813 Ι,
180 786 249 815 pag.
262 775 333 805 641.

180 820 232 848 Μ.
250 819 333 856 Cato,
355 817 391 854 is,
413 818 499 858 qui
482 818 610 859 Sapiens
631 824 660 848 et
681 817 844 848 Censorius
859 818 956 850 dictus
971 826 1024 851 est.

141 860 247 891 Plane.
273 862 302 890 8.
336 860 541 891 Tusculanus.
574 862 662 891 Mur.
687 863 716 891 8.
744 861 835 891 homo
861 871 968 902 novus,
996 870 1026 893 et

136 903 245 934 deinde
269 904 374 934 consul
398 909 426 933 et
451 914 563 934 censor.
588 905 657 935 Sen.
682 907 711 934 4.
735 910 855 944 praetor,
880 905 952 935 ibid.
976 906 1025 936 10.

136 946 277 977 tribunus
297 947 362 976 mil.
384 947 415 976 in
431 947 511 977 bello
527 958 597 978 cum
615 947 765 977 Antiocho
782 947 829 976 M.
847 947 933 978 affuit
948 960 1012 990 proe

136 989 177 1019 110
193 990 231 1020 ad
247 990 489 1030 Thermopylas:
514 990 595 1020 idem
611 990 734 1020 tradunt
748 989 940 1029 Plutarchus,
957 992 1027 1032 Ap-

136 1032 257 1072 pianus,
286 1033 462 1068 Frontinus,
491 1033 638 1063 Aurelius
662 1033 777 1063 Victor.
803 1033 844 1063 V.
868 1034 971 1074 Sigon.
997 1040 1027 1065 et

137 1075 295 1106 Drakenb.
312 1076 351 1106 ad
363 1076 431 1106 Liv.
448 1075 611 1113 XXXVI,
632 1079 680 1106 17.
705 1076 811 1105 Livius
827 1083 928 1106 autem
944 1077 1027 1118 lega-

138 1124 207 1149 tum
222 1119 304 1156 facit,
320 1120 341 1149 1.
358 1129 383 1149 0.
400 1120 453 1149 11111
468 1130 496 1149 v.
514 1119 686 1149 Dukerum.
704 1118 790 1148 Mur.
811 1119 857 1148 14.
876 1130 946 1149 cum
962 1121 1027 1151 Sci-

137 1161 228 1202 pione
249 1162 399 1202 profectus
420 1162 451 1192 in
471 1162 586 1192 bellum
610 1169 713 1192 contra
733 1161 931 1192 Antiochum.
955 1163 1028 1193 Me-

137 1205 242 1235 moriae
265 1206 353 1245 lapsu
380 1206 542 1243 Scipionem
566 1215 620 1245 pro
651 1205 809 1235 Glabrione
838 1205 922 1245 poni,
955 1206 1028 1247 (nisi

137 1248 329 1278 librariorum
352 1253 509 1288 peccatum
530 1248 588 1286 est)
613 1254 716 1278 monet
739 1248 961 1288 Vl'esselingius
984 1249 1025 1280 V.

138 1290 202 1321 Cel.
220 1291 296 1321 Obs.
314 1291 362 1326 ΙΙ,
380 1292 430 1320 26.
452 1291 483 1320 111
499 1291 600 1321 Caecil.
618 1292 668 1320 20.
693 1291 808 1320 Consul
828 1291 859 1320 in
876 1291 1028 1332 Hispania

138 1333 206 1363 fuit.
230 1333 329 1363 Acad.
350 1333 408 1371 IV,
431 1335 461 1363 2.
485 1336 605 1363 Graecas
620 1334 721 1363 literas
743 1343 834 1362 senex
849 1333 944 1364 discit.
969 1335 1025 1366 Or.

139 1376 167 1413 Ι,
179 1377 230 1411 37.
254 1377 321 1414 ΙΙΙ,
338 1378 390 1406 33.
414 1377 525 1407 Orator
541 1382 569 1406 et
584 1376 694 1406 Jctus.
718 1376 805 1407 Orat.
824 1375 869 1413 ΙΙ,
890 1377 941 1406 32.
957 1377 1027 1408 libri

138 1421 204 1458 ejus
219 1419 256 1450 de
273 1420 341 1458 jure
360 1419 532 1449 laudantur.
557 1418 621 1449 Off.
647 1419 674 1455 Ι,
696 1420 748 1449 29.
770 1419 1027 1460 apophthegmata

139 1462 266 1502 collegit.
292 1462 348 1492 Or.
367 1462 394 1500 Ι,
411 1465 461 1492 55.
474 1464 538 1501 ejus
554 1461 706 1501 Origines.
731 1461 821 1491 Dixit
835 1462 865 1491 in
878 1462 941 1500 Qu.
958 1464 1027 1494 Ser-

139 1506 240 1545 gium‘·
254 1505 396 1535 Galbam.
419 1506 510 1536 Brut.
539 1508 586 1535 15.
615 1506 660 1535 16.
687 1506 734 1539 17.
754 1505 818 1543 ejus
839 1505 1025 1537 orationibus

139 1548 322 1587 antiquiores
348 1558 408 1578 non
435 1549 596 1578 exstitere:
621 1547 793 1577 laudantur.
827 1547 890 1578 Off.
920 1547 946 1585 Ι,
975 1551 1027 1580 23.

142 1591 357 1631 Carthaginem
384 1591 544 1621 delendam
571 1590 695 1626 suadet;
719 1590 749 1619 in
777 1600 838 1631 quo
863 1597 891 1620 et
915 1593 1029 1622 mortui

139 1633 236 1664 valuit
250 1634 418 1664 auctoritas.
443 1633 481 1663 ad
502 1633 573 1663 Div.
592 1633 652 1670 IV,
669 1634 699 1662 6.
718 1632 816 1662 filium
841 1643 962 1663 summo
981 1635 1028 1664 in-

138 1677 227 1716 genio
243 1683 272 1706 et
287 1677 396 1707 virtute
410 1676 520 1706 amisit.
552 1677 643 1706 Brut.
658 1677 709 1705 20.
729 1675 864 1713 excessit,
881 1686 975 1707 annos
987 1679 1028 1708 85

138 1726 237 1751 natus.
261 1719 380 1754 Livius,
397 1719 562 1757 XXXIX,
580 1720 633 1755 40,
658 1718 861 1758 nonagenario
880 1720 1027 1757 majorem
