1122 1868
165 65 223 94 144
375 63 523 94 INDEX
548 62 831 94 HISTORICL'S.

203 149 387 187 Archelaus,
413 149 506 179 Tusc.
527 148 570 187 V,
594 149 623 178 4.
653 149 848 189 Anaxagorae
867 147 1044 190 discipulus,

158 193 302 234 idemque
318 192 446 222 Socratis
461 196 633 233 praeceptor.

204 237 385 270 Arclzeliz'us,
404 235 497 265 Tusc.
521 236 564 271 V,
586 239 631 265 12.
664 235 813 264 Perdiccae
833 235 924 273 filius,
946 235 1042 264 fortu-

156 279 330 310 natissimus
339 284 472 318 putatus.
497 277 546 307 De
561 278 617 308 hoc
632 278 820 307 Macedoniae
835 288 914 317 rege,
931 288 958 307 v.
976 278 1042 307 Bu-

157 322 277 352 herium
293 321 332 351 ad
347 321 377 350 h.
393 321 414 350 1.
431 327 460 351 et
475 321 638 361 Spanhem.
652 321 689 350 tle
702 321 742 350 V.
759 326 788 350 et
804 321 840 350 P.
858 321 900 350 N.
912 321 951 350 T.
969 319 998 357 I,
1008 330 1040 360 p.

199 409 382 443 Archelaus,
394 407 473 437 Rab.
485 406 520 436 P.
534 408 562 436 8.
577 406 781 437 Comanorum
794 406 939 443 sacerdos,
950 415 1042 446 gener

155 451 326 488 Ptolemaei,
346 450 424 491 regis
443 449 583 490 AEgypti,
606 450 658 490 qui
679 448 912 485 Alexandriam,
935 449 1041 478 Ptole-

155 505 233 524 maeo
259 494 373 524 Aulete
388 493 486 533 pulsO,
509 493 686 532 occuparat:
712 493 749 522 de
775 493 860 531 cujus
882 502 991 531 genere
1011 498 1040 521 et

154 537 224 567 fatis
239 548 266 567 v.
283 538 421 566 Strabon.
439 535 520 571 XII,
536 546 566 575 p.
581 539 653 565 334.
669 535 738 564 add.
752 535 852 564 Notis.
871 534 1039 574 (jenotaph.

155 581 216 610 Pis.
228 591 258 620 p.
276 583 349 609 ¹225.
374 578 431 608 Est
445 585 546 608 autem
563 578 644 607 filius
658 577 802 608 Archelai
817 577 901 607 (lucis
914 577 1040 607 Mithri-

154 623 244 653 datici
256 628 359 652 contra
375 621 492 650 Sullam
508 622 539 650 in
555 621 684 656 Graecist,
701 627 735 650 ut
751 621 801 650 ille
817 620 911 649 (locet.

199 666 342 701 Archias,
369 665 471 693 Aulus
496 663 642 699 Licinius,
673 665 771 703 poeta,
796 662 890 693 Arch.
913 663 941 700 Ι,
972 673 1038 703 sqq.

152 708 375 744 Antiochenus,
398 707 517 737 civitate
539 706 667 736 donatus
683 716 700 735 a
722 706 843 742 Crasso,
863 706 1038 735 Ciceronem

155 752 194 782 ad
220 751 321 781 studia
343 750 525 786 cohortatur,
552 755 580 778 et
605 749 635 778 in
663 749 698 779 iis
716 750 811 788 juvat.
834 747 906 778 ibid.
921 750 950 778 3.
975 748 1040 786 ejus

151 795 244 830 fama,
271 793 420 829 amicitiae,
444 792 569 832 insignis
595 792 721 821 facultas
746 791 874 831 poe'tica,
895 792 974 822 libri.
1001 791 1041 821 ad

154 839 224 869 Att.
242 837 269 874 I,
292 838 338 867 16.
363 835 452 866 Lucii
474 835 597 864 Luculli
618 834 827 864 Mithridatico
842 834 921 864 bello
941 840 1038 874 gestas

152 892 199 911 res
221 880 331 910 scribit.
354 878 531 918 Suspicatur
548 878 654 907 Cicero
675 887 721 907 res
744 877 864 907 Metelli
880 877 1039 907 Numidici

153 924 348 964 scripturum,
365 922 438 954 Div,
456 921 484 955 I„
497 921 547 950 36.
562 921 626 959 ejus
638 920 775 950 versiculi
791 919 915 959 quidam
930 920 1039 950 Latine

152 966 297 997 conversi.
320 965 553 1006 Epigrammata
576 963 716 1004 quaedam
732 963 864 992 hominis
878 968 990 993 restant
1006 963 1038 992 in

150 1009 276 1041 Anthol.
296 1008 350 1038 Gr.

198 1053 401 1087 Archiderrms,
426 1050 525 1080 Acad.
552 1049 612 1085 IV,
630 1051 681 1078 48.
699 1048 881 1083 dialecticus,
905 1049 1034 1079 Stoicus.

151 1095 308 1127 Tarsensis
328 1094 396 1123 fuit.
428 1092 476 1122 De
497 1103 531 1122 eo
547 1092 606 1122 vid.
630 1092 733 1121 Laert.
753 1090 832 1127 VII,
849 1093 899 1120 40.
917 1092 967 1120 68.
984 1092 1035 1121 84.

150 1141 201 1169 88.
223 1139 384 1171 Auctores,
401 1136 453 1176 qui
469 1135 506 1165 de
522 1145 555 1164 eo
571 1141 707 1174 egerunt,
723 1135 836 1164 multos
856 1133 959 1163 laudat
976 1133 1035 1163 Fa-

150 1183 223 1213 bric.
241 1181 280 1210 B.
298 1180 336 1209 G.
354 1179 409 1209 lib.
427 1177 489 1215 ΙΙΙ,
514 1188 539 1208 c.
560 1181 605 1208 10.

194 1224 405 1257 Archidemum,
422 1222 521 1251 Flacc.
541 1222 592 1250 ⁴22.
615 1221 794 1250 Trallianus.

193 1265 400 1299 Archilochus,
412 1264 504 1293 Tusc.
518 1264 545 1299 Ι,
563 1268 585 1294 1.
597 1270 740 1303 regnante
751 1263 885 1293 Romulo
895 1263 979 1293 vixit.
996 1262 1035 1292 ad

147 1311 211 1342 Att.
230 1307 325 1344 XVI,
346 1311 354 1337 l
369 1311 392 1338 Ι.
417 1307 468 1336 Ab
480 1316 514 1336 eo
525 1306 755 1336 Archilochium
769 1306 900 1336 edictum
917 1305 1034 1336 Bibuli.

147 1353 243 1384 Attio.
263 1350 307 1389 II,
325 1354 376 1380 21.
397 1350 416 1379 i.
433 1360 458 1379 e.
480 1351 632 1379 acerbum.

193 1395 389 1429 Archimedes,
405 1392 492 1422 Orat.
511 1391 574 1429 III,
591 1394 642 1422 23.
659 1392 752 1421 Tusc.
770 1390 797 1429 I,
820 1393 869 1421 25.
898 1391 971 1422 Nat.
989 1390 1034 1421 D.

147 1438 195 1477 II,
209 1439 260 1468 34.
272 1438 336 1476 ejus
352 1436 487 1475 sphaera:
505 1435 542 1464 de
557 1435 618 1475 qua
634 1435 694 1464 vid.
711 1434 800 1464 etiam
813 1436 896 1464 Sext.
913 1434 1033 1474 Empir.

147 1483 215 1512 adv.
233 1479 334 1510 Math.
351 1480 404 1508 lib.
422 1477 484 1511 lx,
501 1488 530 1517 p.
548 1479 619 1512 577.
644 1484 673 1507 et
693 1477 735 1506 ibi
757 1477 939 1506 Fabricium.
962 1477 1031 1507 Fin.

149 1525 192 1562 V,
226 1527 272 1553 19.
308 1521 438 1562 patriam
463 1527 581 1560 captam
616 1531 680 1560 prae
705 1519 804 1549 studio
835 1529 896 1549 non
933 1520 1034 1550 sensit.

148 1568 236 1598 Verr.
253 1564 295 1599 V,
319 1567 369 1594 58.
395 1563 560 1593 Marcellus
579 1563 643 1602 ejus
663 1569 790 1592 mortem
812 1562 937 1592 moleste
964 1563 1032 1593 fert.

148 1611 242 1641 Tusc.
260 1606 320 1645 IV,
338 1608 388 1637 23.
406 1607 470 1645 ejus
494 1606 665 1646 sepulcrum
689 1616 707 1635 a
727 1605 870 1635 Cicerone
885 1611 1032 1646 quaestore

147 1658 311 1694 repertum.

193 1693 381 1727 Archonides,
398 1691 486 1721 Verr.
506 1691 567 1729 IV,
583 1692 634 1720 56.
650 1689 693 1727 V,
710 1691 760 1720 26.
778 1690 930 1721 Elorinus.

192 1737 346 1776 Archytas,
362 1735 558 1767 Tarentinus.
575 1734 612 1764 de
628 1734 714 1764 Orat.
728 1733 791 1769 III,
808 1734 860 1763 34.
878 1733 1032 1774 Pythago-
