1137 1848
321 51 467 84 INDEX
491 53 778 87 HISTORICUS.
929 54 990 83 235

112 139 159 168 19.
176 137 248 167 Div.
265 137 311 176 11,
327 139 356 168 5.
381 138 407 168 F
409 144 448 169 at.
468 139 516 170 14.
534 145 577 170 ter
591 141 706 177 consul,
726 139 883 180 naufragio
898 139 988 180 perit,

105 180 137 209 in
152 180 300 220 legatione
322 181 361 211 ad
381 181 587 221 Masinissam,
605 183 645 213 A.
662 183 703 213 U.
719 185 791 214 605.
814 182 895 214 Vide
919 180 987 212 Liv.

148 266 195 295 Ivi.
211 267 391 301 Marcellus,
405 266 442 297 C.
460 267 613 297 AEsernini
629 274 724 308 pater,
742 269 830 298 Brut.
847 269 898 297 35.
912 278 987 308 qua-

104 306 141 337 lis
156 308 186 337 in
199 309 334 339 dicendo.
352 310 376 339 F
379 310 447 339 ilius
458 311 521 348 ejus
532 311 677 341 naturalis
688 312 723 341 P.
738 311 887 341 Lentulus
900 311 987 340 Mar-

104 351 239 422 chllinus.
262 352 288 381 F
290 359 351 382 ont.
374 355 402 384 7.
420 353 457 382 L.
473 351 574 383 Crassi
590 353 793 383 testimonium
809 354 841 383 in
856 364 927 383 eum
942 353 986 382 nil

107 403 125 422 v
157 400 211 423 u1t.

146 437 198 466 M.
216 438 395 474 Marcellus,
409 436 500 468 Catil.
518 436 545 474 Ι,
560 439 589 467 8.
605 444 689 478 pater
704 439 740 469 C.
758 438 908 473 Marcelli,
924 436 985 468 Ca-

103 477 237 517 tilinarii‚
251 487 280 511 et
301 481 364 521 ipse
379 480 487 510 sodalis
505 480 655 519 Catilinae,
673 481 711 511 ad
727 492 818 522 quem
835 482 870 517 is7
888 481 986 510 vitan-

101 521 149 550 dae
163 523 339 563 suspicionis
355 523 457 559 causa,
474 524 624 563 migravit.
650 525 689 554 V.
707 524 821 555 Muret.
842 524 880 553 ad
895 523 925 552 h.
941 523 963 552 l.

145 566 193 594 M.
213 566 388 603 Marcellus,
416 565 523 600 Quint.
541 567 569 601 7.
593 566 651 596 fuit
668 568 745 606 juris
769 567 866 607 magis
890 575 984 606 quam

102 607 280 648 eloquentiae
295 609 457 645 studiosus,
478 614 512 638 ut
528 609 638 638 Ascon.
653 609 691 639 ad
707 609 778 640 Div.
791 610 822 639 in
839 608 940 639 Caecil.
957 618 984 638 c.

102 651 131 679 4.
156 651 267 686 tradit3
292 651 419 692 ideoque
447 651 584 691 Aquillio
607 652 733 692 aliisque
753 652 893 692 jungitur
905 651 982 690 juris

100 693 212 733 peritis.
237 693 366 724 Videtur
380 694 472 723 frater
486 694 568 724 illius
590 694 626 724 C.
644 695 783 725 Marcelli
799 695 852 736 qui
872 693 915 724 ibi
930 703 985 723 no-

103 742 247 766 inmatur.

143 780 196 808 M.
222 781 401 816 sssaroellus,
423 779 478 810 Or.
506 779 532 818 I,
558 784 605 811 13.
622 780 715 810 aedilis
736 780 847 811 curulis
871 779 981 810 dicitur

100 832 163 851 esse
176 832 210 851 eo
225 823 289 863 ipso
300 830 445 863 tempore,
456 833 517 862 quo
529 833 626 853 sermo
638 823 689 853 ille
699 824 836 860 habetur,
849 822 984 862 adeoque

102 864 247 906 Philippo
263 871 292 896 et
307 866 424 895 Caesare
451 876 524 895 coss.
544 866 590 895 M.
608 865 711 896 Druso
734 871 836 895 autem
863 865 985 894 tribuno

99 908 141 947 pl.
159 907 280 938 Dicitur
301 918 390 949 porro
412 908 526 938 amicus
549 909 648 939 Crassi
670 915 699 939 et
717 908 867 939 Scaevolae.
891 908 985 937 Hunc

99 956 215 990 patren]
233 951 279 981 M.
296 951 435 980 Marcelli
452 959 535 991 puto,
550 962 604 992 pro
619 961 680 992 quo
695 957 738 981 est
753 951 856 981 oratio.

142 994 194 1023 M.
218 995 403 1030 sslawelhaes,
429 994 475 1024 M.
492 995 527 1023 F.
544 1005 598 1034 pro
614 1005 674 1033 quo
693 1000 735 1024 est
756 994 860 1029 oratio,
877 992 982 1023 consul

96 1045 167 1065 cum
183 1037 266 1067 Serv.
283 1036 426 1077 Sulpicio.
443 1037 481 1066 ad
493 1038 566 1067 Div.
582 1036 678 1073 VIII,
693 1038 721 1066 8.
739 1037 803 1075 ejus
817 1036 932 1066 sctum
945 1035 983 1065 de

97 1078 257 1118 provinciis
283 1079 499 1116 consularibus,
521 1080 569 1109 cui
590 1080 785 1109 intercessum
806 1084 858 1108 est.
877 1077 935 1113 IV,
951 1079 981 1113 7.

97 1130 158 1150 non
174 1122 241 1151 vult
257 1123 365 1152 Romae
380 1132 452 1158 esse,
469 1129 537 1162 post
552 1123 666 1152 bellum
683 1122 776 1152 civile.
802 1122 899 1150 Marc.
922 1125 946 1150 l.
963 1131 981 1150 a

98 1163 215 1194 Caesare
230 1165 405 1194 restituitur.
419 1165 456 1194 ad
473 1165 544 1194 Div.
564 1164 622 1202 IV,
640 1168 687 1193 1⁴2.
698 1176 715 1194 a
728 1164 835 1204 Magio
849 1163 980 1193 Athenis

99 1206 285 1237 interficitur.
309 1207 363 1241 (V.
380 1208 507 1245 Magius
525 1207 635 1246 Clziln.)
661 1207 698 1236 ad
720 1207 791 1236 Div.
818 1205 914 1243 VIII,
937 1210 983 1236 10.

98 1249 206 1279 tardus
220 1249 311 1279 homo
324 1256 353 1279 et
367 1260 475 1290 parum
489 1250 603 1280 efficax.
629 1249 719 1280 Catil.
737 1250 763 1286 Ι,
782 1253 810 1280 8.
824 1249 868 1278 vir
880 1249 981 1279 fortis-

96 1292 201 1322 simus.
228 1292 389 1322 Manutius
404 1291 441 1322 de
457 1298 540 1332 patre
554 1292 672 1332 accipit,
694 1291 776 1332 quod
792 1292 836 1322 vir
851 1291 978 1329 dicatur,

95 1335 182 1374 quasi
197 1344 257 1365 non
277 1335 370 1375 possit
386 1335 430 1365 vir
445 1335 514 1373 dici,
528 1335 581 1376 qui
596 1334 665 1365 Ml
681 1335 767 1364 annis
782 1341 850 1375 post
873 1336 978 1364 consul

96 1377 164 1407 fuit.

140 1421 319 1456 λίιινεεῖἰιιε,
337 1421 493 1457 Mindius,
514 1420 553 1450 ad
569 1420 640 1450 Div.
660 1420 737 1455 XV,
756 1421 804 1455 17.

138 1464 337 1499 ssim-cianus,
360 1464 495 1500 Tullius,
521 1462 587 1493 Att.
605 1463 687 1500 XII,
705 1464 756 1492 53.
772 1462 889 1492 videtur
903 1473 975 1493 cum

99 1504 242 1536 Cicerone
257 1506 319 1534 fflio
334 1506 465 1535 Athenis
480 1505 580 1535 fuisse.
596 1507 664 1535 Att.
678 1505 758 1543 XII,
781 1508 826 1536 17.

138 1549 191 1578 JW.
208 1549 390 1585 sslarciHus,
406 1548 444 1578 ad
460 1548 531 1579 Div.
547 1547 647 1585 XIII,
663 1550 713 1578 54.

139 1592 260 1621 Illarciz‘
271 1592 378 1630 Reges,
391 1591 428 1620 ad
438 1591 572 1621 Herenn.
580 1590 645 1628 ΙΙΙ,
655 1592 706 1621 21.
719 1590 783 1629 Qui
795 1591 831 1621 de
842 1590 976 1620 Romulo

93 1638 123 1663 et
138 1633 238 1664 Remo
262 1634 505 1674 interpretantur,
533 1634 656 1664 absurdi
678 1639 757 1664 sunt.
790 1633 977 1664 Marciorum

95 1675 211 1707 familia
226 1676 349 1708 celebris
365 1676 473 1707 Romae
498 1676 567 1715 fuit,
592 1677 645 1718 qui
667 1677 792 1717 Regum
811 1686 976 1716 cognomen
