1137 1848
326 69 474 102 INDEX
498 68 784 101 HISTORICUS.
936 67 1000 97 333

118 155 296 187 Xenocratis
310 156 440 194 auditor,
453 156 496 185 nil
511 155 550 185 ab
564 155 729 185 Aristotele
743 153 890 185 dissensit.
905 152 1002 183 Acad.

119 198 179 228 IV.
201 201 253 229 42.
274 200 338 238 ejus
354 199 472 239 scripta.
496 198 533 228 de
548 198 618 228 Fin.
637 199 696 235 IV,
719 199 748 227 6.
766 207 922 228 summum
945 197 1001 227 bo-

118 251 194 271 num
210 249 307 283 putat,
323 242 489 272 secundum
504 247 645 271 naturam
661 241 768 271 vivere.

161 286 385 323 Pon-macram,
402 284 501 314 Flacc.
517 288 568 315 30.
585 282 851 323 Apollonidiensis.

161 329 258 366 Pales,
281 328 306 357 F
308 328 380 358 lace.
403 329 449 357 18.
469 327 631 357 Temnites.

161 372 257 409 Pales,
281 371 356 411 Leg.
380 370 426 407 ΙΙ,
456 373 503 400 13.
520 380 639 410 augur:
664 368 716 399 sed
732 369 896 399 Davisiana
911 369 1002 399 habet

118 414 272 453 Polyidus.
296 413 395 443 Polles
410 413 534 454 quidam
551 418 805 443 commemoratur
828 412 910 452 apud
934 413 1005 442 Sui-

116 456 187 486 dam
203 457 235 486 in
252 462 380 490 Πολλης.
405 456 551 496 Polyidus
566 455 649 496 apud
666 455 851 492 Homerum,
869 454 958 485 Iliad.
972 460 1000 491 Ε,

121 501 190 530 148.
208 505 237 529 et
251 499 288 529 de
304 499 375 529 Div.
391 498 418 536 I,
436 502 486 528 40.

160 543 255 580 Polla,
271 542 310 572 ad
325 542 400 572 Div.
421 542 480 580 XI,
498 542 528 576 7.
539 546 583 571 est
594 541 718 572 Valeria
732 539 838 580 Paula,
855 540 896 570 D.
910 540 1003 571 Bruti

118 595 204 615 uxor.

160 629 228 658 Pal]
242 639 275 664 m,
292 628 330 658 ad
345 627 417 658 Div.
434 628 510 665 XV,
527 628 557 657 6.
573 627 641 657 Att.
655 626 754 664 VIII,
771 628 801 657 5.
818 625 882 665 XI,
897 627 926 656 4.
943 637 1003 657 ser-

117 681 172 701 vus
189 670 352 702 Ciceronis.
376 671 436 701 Sed
453 670 591 700 Graevius
605 670 679 710 legit
696 670 806 700 Pollux.

158 715 266 751 Pollio,
283 714 321 743 ad
343 714 414 743 Div.
433 713 459 751 Ι,
477 714 506 743 6.
524 713 586 750 ΙΧ,
600 714 652 744 25.
678 713 742 751 XI,
759 717 789 745 9.
807 713 864 743 &c.
890 723 1002 754 cogno-

115 766 186 787 men
203 757 314 792 Asinii,
331 756 368 787 de
383 767 444 797 quo
460 767 559 797 supra.

159 801 277 837 Pollux,
294 799 366 830 Div.
384 799 412 834 Ι,
434 803 486 829 43.
510 800 575 839 ejus
599 799 677 829 aedes
700 798 840 829 Tusculi.
860 798 933 829 ibid.
949 800 1002 829 34.

120 843 185 882 ejus
200 843 285 873 stella
300 853 391 872 aurea
406 842 537 883 Delphis
551 842 658 882 posita.

157 888 333 926 Polyaenus,
350 885 418 915 Fin.
438 885 464 922 Ι,
482 888 511 915 5.
528 885 627 915 Acad.
643 884 704 922 IV,
720 888 772 915 83.
789 890 942 925 geometra
953 884 1001 914 in-

113 928 217 969 signis,
241 929 368 969 Epicuri
388 928 555 965 familiaris,
577 928 711 969 Epicuro
732 937 868 959 assensus
884 934 938 967 est,
955 934 1001 958 to-

114 977 176 1001 tam
193 971 389 1011 geometriam
406 970 511 1001 falsam
529 981 599 1001 esse.

156 1016 309 1054 Polybius,
333 1014 371 1044 ad
393 1014 466 1044 Div.
489 1015 531 1051 V,
558 1017 606 1043 12.
631 1014 860 1045 Numantinum
884 1013 1000 1044 bellum

114 1057 240 1097 scripsit.
265 1056 313 1088 Cf.
331 1057 419 1088 Offic.
438 1056 502 1095 111,
519 1061 571 1087 32.
586 1059 652 1087 Att.
670 1057 770 1093 XIII,
787 1061 839 1087 30.

154 1101 377 1141 Polycharmus,
394 1100 460 1130 Att.
474 1100 516 1136 V,
537 1101 583 1130 ll.
600 1106 710 1141 praetor
727 1099 976 1131 Atheniensium.

152 1145 329 1181 Polycletus,
347 1143 434 1173 Verr.
450 1144 490 1180 V,
508 1146 537 1173 3.
553 1143 663 1173 nobilis
679 1144 848 1173 statuarius.
873 1143 929 1173 Or.
946 1141 993 1180 ΙΙ,

115 1186 164 1216 16.
190 1186 355 1217 Herculem
380 1186 477 1216 finxit.
503 1187 592 1216 Brut.
619 1187 669 1216 86.
695 1188 759 1225 ejus
782 1186 996 1226 Doryphorus.

112 1228 203 1259 Tusc.
222 1228 250 1267 I,
267 1231 297 1259 ⁶2.
313 1230 408 1270 pictor
424 1236 453 1259 et
468 1229 640 1259 statuarius.
654 1228 695 1258 V.
711 1229 834 1265 Davies,
853 1230 908 1258 &a

155 1273 335 1313 Polycrates,
352 1272 484 1309 Samius,
502 1273 570 1302 Fin.
589 1272 630 1307 V,
647 1273 698 1302 30.
719 1272 796 1301 nihil
811 1271 927 1302 adversi
942 1282 996 1302 ex-

109 1321 212 1355 pertus
224 1321 280 1352 est,
297 1315 355 1344 nisi
371 1315 453 1355 quod
468 1315 617 1345 annulum
633 1315 744 1345 amisit.

153 1360 325 1397 Polydorus,
341 1358 396 1388 Or.
412 1357 476 1393 III,
493 1359 543 1387 58.
567 1358 686 1387 Priami
706 1368 742 1387 ex
760 1356 889 1388 Hecuba
904 1358 996 1388 mini-

107 1410 177 1430 mus
192 1401 294 1436 filius,
318 1400 355 1430 de
370 1402 457 1439 cujus
472 1400 541 1430 fatis
562 1401 672 1441 Virgil.
696 1401 770 1431 AEn.
797 1399 862 1438 III,
886 1402 940 1432 49.
965 1407 994 1431 et

109 1443 202 1474 Ovid.
219 1444 297 1473 Met.
314 1443 414 1480 XIII,
432 1443 497 1473 init.

151 1487 342 1526 Polygnotus,
358 1487 446 1516 Brut.
468 1487 513 1516 18.
530 1486 637 1526 pictor,
653 1486 797 1523 Thasius,
819 1485 894 1516 vixit
917 1486 994 1517 circa

108 1528 238 1570 Olymp.
255 1529 324 1559 XC.
342 1529 423 1558 Plin.
435 1529 577 1565 XXXV,
595 1531 623 1558 8.
637 1529 677 1559 V.
690 1529 835 1566 Junjum,
846 1529 876 1558 in
892 1528 991 1560 Catal.

108 1571 184 1602 Pict.
203 1573 259 1602 ἃς.
276 1571 313 1601 In
329 1572 495 1612 superciliis
510 1571 667 1612 pingendis
688 1572 837 1602 excelluit.
862 1572 992 1602 Lucian.

108 1615 228 1656 Imagg.
245 1615 285 1645 T.
302 1615 350 1652 II,
366 1625 397 1655 p.
412 1616 441 1644 (ἱ.

150 1659 307 1697 Polyidus,
318 1657 390 1687 Div.
404 1657 430 1695 I,
443 1661 494 1688 40.
509 1657 694 1694 Corinthius,
707 1668 817 1699 augur,
833 1657 895 1688 filio
907 1668 989 1689 mor-

105 1706 166 1730 tem
182 1700 325 1741 praedicit.
343 1693 472 1731 Homer.
490 1699 577 1731 Iliad.
598 1705 630 1737 E,
648 1702 719 1731 148.

147 1744 352 1784 Polyphemus,
369 1744 461 1775 Tusc.
478 1743 520 1781 V,
536 1745 587 1775 39.
602 1742 732 1785 Cyclops
744 1743 872 1775 Siculus.
