1122 1868
180 77 240 107 146
389 75 539 108 INDEX
562 75 851 109 HISTORICUS.

177 162 258 236 ssith:
283 162 335 211 sed
356 162 400 193 ibi
416 163 547 194 Aristum
566 163 731 204 legendum
747 163 855 194 docent
873 161 1017 193 Davisius
1036 168 1066 193 et

210 216 231 235 u
255 216 342 236 enus.

223 248 332 287 Aristo,
349 249 438 280 Balb.
456 253 509 280 ¹22.
524 249 734 287 Massiliensis,
750 260 768 280 a
782 247 870 281 Sulla
884 248 1003 280 civitate
1011 247 1065 280 do-

179 297 277 322 natus.

223 335 436 373 Aristodamus,
452 335 719 376 Apollonidiensis.
744 334 832 366 Verr.
851 333 912 373 VI,
929 335 961 365 G.

223 379 435 415 Aristodemus,
451 378 489 409 ad
501 383 568 409 Att.
587 378 631 412 ΙΙ,
650 380 680 413 7.

226 422 425 459 Aristocritus,
437 421 476 452 ad
491 422 562 452 Div.
579 421 674 460 XIV,
691 422 721 451 3.
738 431 851 458 servus,
868 428 922 451 aut
940 420 1067 451 libertus

183 463 296 504 potius.

226 508 412 544 Arictngimn,
436 507 529 537 Tusc.
554 506 580 543 Ι,
602 508 652 537 49.
677 506 885 545 Atheniensis,
909 506 976 547 qui,
997 514 1068 536 eum

183 549 364 587 Harmodio,
382 550 530 580 Pisistrati
546 549 737 589 tyrannidem
753 549 867 579 evertit.

225 592 249 621 Α
256 593 431 628 rictomache,
446 593 539 622 Tusc.
556 592 598 628 V,
621 596 673 622 20.
692 602 769 622 uxor
784 592 924 632 Dionysii
938 590 1069 632 tyranni,

227 635 417 673 Aristonicus,
435 635 515 665 Phil.
536 634 598 670 XI,
620 636 649 664 8.
672 645 742 665 cum
763 644 798 664 eo
817 635 935 665 bellum
951 640 1071 675 gestum

182 677 221 708 L.
241 677 364 708 Valerio
377 685 406 708 et
422 678 460 707 P.
478 678 596 707 Licinio
611 688 683 708 coss.
702 678 779 717 Agr.
792 676 838 713 ΙΙ,
854 677 906 708 33.

230 722 447 759 Aristophanes,
464 720 606 758 comicus,
624 720 721 761 Legg.
740 719 786 759 II,
809 723 855 751 15.
879 723 970 761 poe‘ta
993 719 1073 750 face-

183 764 325 794 tissimus.
343 764 397 794 Or.
411 766 441 795 9.

229 807 445 844 Aristophanes,
467 806 522 837 Or.
544 805 608 844 ΙΙΙ,
630 807 682 836 33.
700 806 915 847 grammaticus
935 805 1071 846 insignis.

184 849 254 880 Fin.
270 849 311 885 V,
334 853 379 880 19.
406 850 474 880 Att.
492 849 586 883 XVI,
605 853 651 880 11.

231 893 409 927 Aristnteles,
433 893 526 923 Tusc.
553 891 617 930 ΙΙΙ,
648 894 699 923 38.
724 899 823 933 sperat
848 891 1073 932 philosophiam

184 936 268 966 brevi
286 941 421 976 tempore
441 937 610 966 absolutam
631 936 702 966 fore.
732 935 827 965 Acad.
846 934 875 971 Ι,
891 935 921 964 4.
945 934 1074 965 Socratis

185 979 405 1009 dubitationem
421 985 451 1008 et
465 978 627 1009 disserendi
647 988 742 1019 genus
768 977 922 1018 relinquit,
940 976 1074 1007 Platonis

187 1023 357 1052 ubertatem
377 1022 562 1062 complexus.
586 1021 684 1052 Acad.
707 1020 734 1057 Ι,
758 1022 787 1050 8.
814 1021 957 1061 quintum
978 1029 1075 1059 genus

187 1065 406 1094 elementorum
422 1065 537 1100 statuit,
555 1075 570 1094 e
585 1075 646 1105 quo
666 1070 782 1094 mentes
802 1069 831 1093 et
851 1062 956 1093 sidera.
979 1062 1009 1091 Τ
1011 1072 1073 1091 use.

189 1106 218 1144 Ι,
239 1111 286 1138 10.
304 1113 480 1144 εντελεγεια,
494 1107 531 1136 de
549 1113 650 1137 mente
673 1106 828 1137 sententia.
842 1105 879 1135 de
895 1105 963 1135 Fin.
980 1104 1024 1142 V,
1044 1106 1074 1134 4.

186 1150 305 1190 primus
319 1149 449 1179 instituit
465 1150 707 1179 exercitationem
727 1149 763 1179 de
783 1149 925 1179 omnibus
940 1149 1029 1178 rebus
1043 1147 1075 1177 in

188 1198 350 1232 utramque
374 1199 491 1232 partem
515 1192 689 1222 disserendi.
717 1192 786 1221 Fin.
812 1191 854 1227 V,
881 1193 911 1220 5.
949 1190 1076 1230 Duplex

189 1234 336 1266 scribendi
352 1244 447 1274 genus
463 1234 646 1270 Aristotelis,
657 1235 802 1275 populare
814 1240 843 1264 et
855 1233 975 1271 subtile,
987 1243 1077 1263 causa

189 1284 244 1314 est,
262 1287 355 1318 quare
369 1277 521 1307 interdum
537 1287 597 1308 non
619 1277 699 1307 idem
715 1277 812 1307 dicere
828 1276 973 1307 videatur.
997 1275 1077 1314 Ejus

187 1320 258 1350 libri
273 1320 310 1350 de
325 1320 472 1355 moribus,
488 1326 591 1350 utrum
610 1320 705 1359 ipsius
726 1329 764 1350 an
779 1319 859 1350 filii?
883 1318 957 1349 Nat„
980 1315 1023 1348 D.
1047 1317 1075 1356 1,

193 1367 242 1394 13.
266 1362 391 1402 Scripsit
407 1363 498 1392 libros
517 1362 553 1393 de
575 1362 777 1403 philosophia,
798 1371 928 1403 quorum
951 1361 1002 1391 hic
1017 1366 1077 1391 ter-

190 1406 250 1435 tius
276 1405 427 1435 laudatur.
462 1404 497 1434 In
525 1405 671 1436 sententia
695 1405 732 1435 de
752 1404 820 1435 Deo
838 1405 1017 1435 inconstans.
1040 1403 1078 1434 de

190 1449 252 1478 Off.
273 1447 337 1482 ΙΙΙ,
360 1449 388 1477 8.
411 1448 598 1478 honestatem
619 1448 760 1478 omnibus
779 1448 868 1477 rebus
891 1447 1019 1487 praefert.
1040 1445 1078 1476 de

190 1490 258 1521 Inv.
277 1491 305 1524 Ι,
322 1493 350 1520 5.
368 1491 534 1531 plurimum
560 1491 695 1522 oratoriae
717 1490 838 1531 profuit.
855 1489 893 1520 de
907 1489 994 1520 Orat.
1013 1487 1078 1527 ΙΙΙ,

189 1535 241 1563 35.
253 1533 456 1573 eloquentiam
469 1533 618 1574 professus
630 1541 684 1569 est,
698 1533 779 1574 quod
791 1532 903 1562 videret
916 1531 1078 1562 Isocratem

189 1576 220 1606 in
237 1586 271 1607 eo
286 1586 393 1616 genere
409 1576 601 1616 frequentari.
616 1577 654 1606 ad
670 1576 741 1606 Div.
760 1575 787 1611 Ι,
799 1577 828 1605 9.
845 1576 910 1613 ejus
920 1575 996 1605 ratio
1011 1584 1078 1605 ora-

186 1619 263 1649 toria
278 1619 375 1649 omnis
391 1619 474 1649 libris
490 1619 528 1649 de
538 1619 666 1650 Oratore
681 1618 882 1649 Ciceronianis
898 1618 1077 1648 continetur.

187 1661 260 1692 ibid.
280 1661 470 1692 Aristotelius
485 1672 550 1692 mos
563 1669 619 1701 est,
635 1672 704 1693 cum
721 1661 878 1692 scribimus
893 1660 923 1690 in
940 1669 1077 1691 sermone

187 1714 223 1736 ac
237 1704 366 1745 dialogo.
381 1704 421 1735 ad
435 1705 503 1736 Att.
521 1704 570 1745 II,
589 1706 619 1755 1ἶ
639 1704 817 1737 Aristotelia
829 1703 998 1745 pigmenta,
1009 1703 1074 1735 h.e.
