1122 1868
117 55 180 85 360
332 53 480 85 INDEX
505 54 791 87 HISTORICUS.

117 144 169 173 21.
200 140 358 172 aediliciam
380 141 531 182 repulsam
561 141 628 172 fert.
659 141 748 171 Brut.
779 142 832 170 22.
863 149 933 170 cum
957 138 999 168 D.

116 186 215 217 Bruto
230 184 333 215 consul
347 183 416 221 fuit,
429 185 471 213 A.
486 184 525 214 U.
539 185 612 221 615,
631 182 705 224 Leg.
720 183 785 221 III,
801 185 830 213 9.
847 193 865 213 a
879 182 1001 212 tribuno

115 229 158 270 pl.
176 228 310 258 Curiatio
325 227 356 256 in
371 227 491 256 vincula
499 227 665 265 conjicitur.
682 228 786 257 Plane.
804 229 849 256 14.
866 223 970 256 consul
982 234 1001 253 a

118 271 233 301 Granio
242 279 377 311 praecone
399 270 636 310 reprehenditur.
661 269 751 299 Catil.
767 269 794 305 I,
817 273 841 300 1.
863 267 1001 309 pontifex

111 324 193 344 max.
212 314 262 343 Ti.
280 312 451 343 Gracchum
473 313 630 342 interfecit.
662 312 755 343 Dom.
777 314 828 342 34.
850 312 915 350 ejus
933 310 997 339 fac-

115 364 182 388 tum
208 356 295 387 sctis
325 357 478 396 probatur.
512 356 587 385 Lael.
614 356 660 385 12.
683 362 809 385 vexatur
834 356 872 384 ab
896 352 1001 384 amieis

116 399 255 430 Gracchi.
281 398 344 429 Off.
361 397 389 435 I,
407 401 457 427 2⁶2.
478 398 614 438 pn'vatus
630 408 715 439 aeque
735 399 869 428 multum
885 395 1000 437 profuit

113 443 231 483 reipub.
248 451 340 482 quam
361 441 523 471 Africanus
547 441 578 470 in
594 440 796 471 exscindenda
817 438 998 471 Numantia.

114 486 213 516 Flacc.
227 488 278 516 31.
300 484 445 524 Pergami
457 483 592 513 moritur.
617 483 679 514 Off.
698 483 725 520 I,
739 485 790 514 30.
806 484 838 514 in
854 481 998 514 sermoni-

113 530 170 560 bus
182 529 247 567 ejus
263 527 348 557 nulla
359 527 483 557 comitas
498 526 565 556 fuit.
590 526 651 556 Hic
666 528 789 566 Serapio
805 526 902 556 dictus
917 530 961 555 est
981 534 999 554 a

113 571 309 602 similitudine
329 569 420 599 suarii
438 569 596 608 cujusdam
616 569 819 609 negotiatoris,
838 569 899 599 sive
919 568 999 598 alius

113 615 180 645 vilis
203 613 346 650 hominis,
372 611 508 652 primum
528 613 566 642 ab
592 612 733 642 irridente
756 612 877 642 tribuno
902 609 1000 652 plebis

113 658 197 691 (Liv.
223 656 308 696 Epit.
331 657 398 691 55),
420 654 528 684 deinde
554 655 656 695 vulgo.
678 655 813 689 (v.Plin.
832 653 912 692 VII,
933 655 996 690 12.)

112 701 192 740 Ejus
207 700 301 729 facete
312 698 429 728 dictum
445 704 490 727 est
505 697 541 726 de
557 697 612 728 Or.
630 696 676 735 II,
691 699 741 733 70.

157 745 195 774 P.
221 743 320 780 Scipio
349 742 482 777 Nasica,
506 739 541 770 P.
567 740 603 770 F.
628 740 664 770 P.
684 741 727 771 N.
753 740 790 772 P.
820 741 912 771 Pron.
939 738 997 769 Cn.

111 786 194 816 Abn.
220 786 309 815 Brut.
334 785 387 814 34.
412 783 443 813 in
465 783 623 814 consulatu
647 790 784 814 mortuus
806 783 847 814 A.
860 784 901 814 U.
923 785 996 812 642.

110 829 226 869 collega
237 828 276 857 L.
297 826 418 857 Bestiae.
435 826 472 856 de
492 826 555 856 Off.
579 825 606 863 I,
621 830 671 857 30.
689 836 826 857 sermone
841 826 948 863 effecit,
963 830 999 855 ut

111 881 192 902 unus
208 881 224 900 e
239 870 344 900 multis
358 869 518 900 videretur.
542 869 645 900 Duxit
661 869 828 907 Caeciliam,
852 868 998 899 Macedo-

111 915 171 945 nici
183 914 288 944 filiam.

156 959 195 988 P.
219 957 328 996 Scipio,
351 955 387 985 P.
407 955 444 985 F.
472 955 509 985 P.
534 955 706 995 Serapionis
731 965 834 996 nepos.
862 955 916 985 Br.
947 956 999 985 58.

110 1011 202 1042 gener
225 1000 263 1029 1..
279 998 389 1029 Crassi.
425 997 486 1028 Hic
506 1004 559 1033 est,
575 998 639 1038 qui,
663 1008 718 1038 pro
740 999 830 1029 Rosc.
846 998 918 1029 Am.
942 999 996 1037 28,

110 1049 307 1074 memoratur.
330 1041 385 1072 Or.
404 1039 469 1076 III,
487 1044 516 1070 2.
533 1041 563 1070 in
577 1041 717 1070 exsilium
729 1040 812 1070 abiit.

154 1088 194 1116 P.
204 1087 302 1124 Scipio
315 1083 447 1121 Nasica,
463 1083 498 1113 P.
515 1094 552 1113 ex
568 1083 687 1114 Licinia
703 1083 803 1113 Crassi
824 1083 913 1114 filius.
931 1083 996 1113 Att.

110 1129 157 1168 11,
179 1132 205 1159 l.
226 1139 244 1158 a
258 1127 393 1158 Favonio
407 1133 563 1156 accusatur
578 1126 615 1156 de
630 1126 746 1156 ambitu
759 1137 766 1155 :
792 1127 843 1156 sed
858 1126 996 1166 eripitur,

110 1178 230 1203 sumtus
253 1182 271 1201 a
296 1169 442 1210 Pompeio
457 1169 572 1209 collega
592 1168 622 1198 in
641 1169 799 1199 consulatu
819 1169 916 1199 tertio.
934 1169 996 1200 Dio

111 1216 196 1246 Cass.
218 1214 292 1251 XL,
316 1224 346 1253 p.
368 1215 437 1242 144.
470 1212 640 1252 Adoptatus
663 1218 706 1241 est
729 1222 747 1241 a
765 1211 893 1242 Metello
916 1213 994 1249 Pio;

110 1258 192 1289 unde
207 1257 248 1295 Q.
265 1255 404 1287 Caeeilius
421 1255 566 1285 Metellus
585 1255 659 1284 Pius
678 1254 790 1294 Scipio,
804 1261 833 1284 et
847 1254 938 1285 modo
955 1257 995 1285 P.

108 1301 200 1331 modo
228 1302 264 1334 Q.
289 1298 408 1328 dicitur.
436 1298 476 1327 V.
504 1308 579 1338 quos
604 1297 708 1327 laudat
735 1297 934 1338 Oudendorp.
958 1298 997 1328 ad

110 1345 234 1375 Sueton.
252 1342 324 1373 Tib.
346 1343 375 1371 4.
399 1341 546 1381 Pompeio
562 1340 610 1370 Μ.
628 1340 741 1380 collega
754 1341 793 1369 A.
810 1340 850 1370 U.
868 1341 943 1378 701,
967 1347 997 1371 et

109 1386 246 1426 ejusdem
269 1394 369 1416 socer:
393 1384 431 1414 de
449 1394 509 1424 quo
530 1383 597 1413 vide
618 1394 709 1424 supra
719 1383 750 1412 in
767 1384 910 1413 filetellis.
925 1383 997 1414 Me-

107 1436 243 1459 moratur
258 1427 350 1458 etiam
365 1427 403 1457 ad
420 1427 492 1456 Div.
507 1425 606 1464 VIII,
623 1428 653 1457 9.
677 1426 764 1457 Verr.
781 1427 823 1464 V,
840 1427 892 1457 36.
915 1427 994 1457 Ver-

107 1473 148 1503 ris
163 1472 335 1506 advocatuS,
352 1469 588 1510 reprehenditur.

151 1517 274 1553 Scopas,
297 1514 352 1544 Or.
372 1512 418 1549 ΙΙ,
436 1513 486 1542 86.
501 1512 677 1550 Thessalus,
698 1522 716 1542 a
731 1511 885 1543 Simonide
900 1511 994 1543 victor

108 1557 262 1594 laudatus,
279 1555 433 1587 sordidum
449 1565 481 1585 se
493 1557 615 1596 praebet.

152 1602 275 1638 Scopas,
303 1599 376 1628 Div.
403 1597 432 1637 1,
459 1602 507 1629 13.
530 1598 660 1628 eximius
682 1598 824 1638 sculptor.
848 1597 889 1627 V.
910 1597 992 1628 Plin.

108 1643 271 1678 XXXVI,
288 1644 317 1671 5.

152 1688 184 1716 C.
201 1686 386 1721 Sm‘honius,
403 1683 438 1714 C.
454 1684 490 1714 F.
508 1685 586 1723 Pop.
605 1684 708 1714 Curio.
719 1683 840 1715 adDiv.
852 1682 950 1723 VIII,
963 1686 992 1715 8.

106 1735 150 1759 est
164 1729 200 1760 C.
217 1728 310 1760 Curio
324 1727 367 1758 fil.
376 1726 443 1758 trib.
460 1727 501 1768 pl.
519 1727 556 1758 de
572 1737 632 1768 quo
644 1736 745 1768 supra.
