1122 1868
137 57 201 88 260
351 55 499 88 INDEX
523 54 808 95 HISTORICUS·

140 142 208 182 quis
223 146 325 172 autem
340 142 380 172 sit
393 142 445 173 ille
467 142 619 173 Lentulus
644 140 824 178 Clodianus,
843 144 951 170 tacent.
974 138 1024 170 De

140 185 198 215 hoc
212 191 312 215 nostro
327 184 451 226 quidem
466 185 598 215 Lentulo
614 184 680 225 capi
700 193 761 213 non
776 188 884 224 potest,
902 182 955 223 qui
970 181 1023 212 diu

141 233 212 259 ante
227 228 331 258 consul
353 228 461 265 fuerat,
481 238 578 268 quam
595 228 632 258 C.
652 226 807 257 Antonius
829 230 1027 256 accusaretur.

143 271 183 301 In
199 271 293 300 altera
307 276 409 301 autem
423 271 550 301 lectione
564 270 667 300 omnia
682 268 822 310 expedita
837 273 917 298 sunt.
941 267 1027 297 Nam

143 313 201 344 Cn.
218 313 369 343 Lentulus
388 313 443 343 erit
465 313 673 350 Marcellinus,
696 312 749 353 qui
773 321 807 341 eo
825 321 904 341 anno
919 315 1029 351 praetor

141 361 240 397 potest
253 355 357 394 fuisse,
373 356 410 386 de
421 366 483 397 quo
498 366 607 394 sermo,
620 366 691 386 cum
706 354 826 386 biennio
841 358 909 395 post
924 352 1029 384 consul

148 398 250 429 fuerit.

190 441 248 472 Cn.
276 442 430 472 Lentulus
463 441 667 471 Marcellinus.
704 439 826 470 Patrem
862 437 1030 470 Claudium

145 483 329 514 hiat-cellum
344 485 498 525 plebeium
513 484 630 514 habuit.
648 483 687 513 ad
702 483 774 513 Div.
791 481 868 520 XV,
894 483 942 511 lo.
967 481 1030 511 As-

145 536 211 557 con.
227 526 258 556 in
275 527 414 557 Divinat.
430 538 454 558 c.
471 528 501 556 4.
526 526 666 556 Debebat
678 536 709 556 se
721 525 872 566 appellare
888 523 1032 555 Claudia-

145 579 234 607 num,
261 570 313 601 sed
331 570 441 600 maluit
462 569 690 599 Marcellinum.
713 568 837 598 Manut.
852 567 891 598 ad
906 567 970 597 Cic.
993 566 1033 596 ad

146 611 222 642 Div.
240 612 267 649 I,
296 614 322 642 1.
338 618 495 653 propterea
510 611 612 642 fecisse
632 616 730 651 putat,
753 616 787 640 ut
804 609 1032 650 intelligeretur,

147 665 163 684 e
187 655 250 695 quit
273 655 390 685 famili&
415 654 616 685 Claudiorum
640 659 735 684 esset:
759 653 879 690 malim,
902 662 940 682 ne
962 661 1033 682 cum

149 696 208 728 Cn.
242 696 390 728 Clodiano
425 697 668 728 confunderetur.
701 696 857 733 Dukerus,
894 694 933 725 ad
963 694 1033 724 Liv.

147 739 312 777 XXXIX,
329 740 380 769 23.
406 750 422 770 e
438 740 581 770 Cicerone
596 739 634 769 ad
650 738 723 769 Div.
740 739 817 776 XV,
842 739 890 768 10.
907 736 1036 777 intelligi

147 789 246 822 putat,
263 792 335 812 eum
350 788 456 812 natum
480 784 523 812 A.
540 782 581 812 U.
598 782 670 816 697.
686 791 748 822 quo
770 781 821 811 ille
836 790 915 811 anno
930 779 1035 810 consul

146 825 215 854 fuit.
232 825 292 855 Sed
307 825 349 854 ibi
365 825 496 855 consulis
511 826 638 855 verbum
648 824 791 854 excidisse
803 823 930 854 videtur.
945 822 1035 852 Verr.

148 867 216 905 III,
234 869 284 897 42.
308 873 453 908 patronus
468 867 578 898 Siciliae
591 878 600 903 ;
626 866 698 907 quia
711 877 727 897 e
743 866 898 897 Marcellis
913 865 981 895 fuit.
997 864 1037 895 ad

152 910 194 948 Q.
211 910 262 940 Fr.
281 909 309 947 I,
327 914 357 940 2.
373 912 403 940 5.
427 916 547 951 praetor,
570 910 606 940 C.
626 910 744 940 Caesare
762 919 821 939 cos.
840 908 916 938 Har.
942 908 1037 948 Resp.

152 953 202 983 10.
225 952 376 993 pontifex.
396 954 486 983 Brut.
503 954 554 988 70.
577 952 724 983 disertum
744 951 893 992 imprimis
919 951 950 980 in
966 960 1038 980 con-

148 996 249 1025 sulatu
265 1006 296 1026 se
314 996 461 1036 praestitit.
486 995 560 1026 Fuit
579 1001 682 1026 autem
707 995 745 1025 L.
766 993 877 1024 Marcii
900 992 1038 1033 Phihppi

149 1038 264 1079 collega
278 1038 321 1069 A.
338 1038 378 1069 U.
396 1039 468 1074 697.
494 1038 571 1068 Har.
587 1039 682 1078 Resp.
702 1038 751 1068 ll.
766 1037 876 1067 dicitur
891 1037 956 1075 ejus
970 1035 1038 1066 avia

148 1081 291 1112 manibus
306 1081 452 1121 accepisse
468 1081 603 1111 Matrem
615 1080 730 1111 Deam.
754 1079 813 1110 Sed
829 1079 865 1109 F.
882 1078 1039 1109 Fabricius

149 1128 180 1153 et
196 1124 233 1154 P.
251 1123 412 1154 Manutius
427 1123 634 1162 ostenderunt,
659 1133 722 1153 esse
736 1122 911 1162 legendum,
927 1122 1014 1151 atavi
1026 1132 1037 1150 .-

148 1165 170 1196 i.
187 1177 214 1196 e.
241 1166 370 1197 Nasicae.
393 1166 582 1197 Tumultum
604 1166 637 1196 in
664 1164 894 1205 Megalensibus
917 1170 1039 1194 auctore

151 1207 262 1240 Clodio
282 1215 383 1240 ortum
399 1209 492 1240 sedat.
517 1209 605 1240 Idem
620 1214 805 1239 memoratur
820 1207 858 1237 ad
874 1206 946 1236 Div.
964 1205 992 1243 I,
1013 1209 1043 1237 1.

150 1255 181 1282 2.
205 1252 237 1281 in
266 1252 357 1282 causa
379 1252 504 1282 Lentuli
526 1251 706 1292 Spintheris,
730 1251 780 1281 cui
801 1250 1038 1286 adversabatur3

156 1300 220 1325 erat
235 1295 316 1325 enim
332 1295 359 1324 ei
373 1295 524 1325 inimicus.
540 1294 572 1324 in
588 1294 689 1326 Caecil.
707 1296 736 1322 4.
756 1294 812 1325 &c.

198 1338 257 1368 Cn.
283 1338 439 1368 Lentulus
475 1339 590 1375 Vaccia,
616 1348 639 1368 s.
668 1337 772 1366 Vatia.-
796 1345 867 1366 nam
891 1335 972 1365 idem
996 1340 1040 1366 est

152 1389 274 1410 nomen.
299 1391 328 1411 v.
352 1381 467 1411 Schott.
486 1381 594 1421 Suppl.
617 1380 729 1410 Annal.
755 1378 844 1419 Pigh.
864 1378 904 1408 Τ.
924 1378 990 1415 III,
1007 1389 1038 1418 p.

151 1423 225 1453 366.
241 1423 279 1453 ad
295 1423 335 1461 Q.
353 1423 404 1453 Fr.
421 1422 468 1461 11,
485 1426 515 1454 3.
531 1423 630 1453 editur
648 1422 726 1452 inter
741 1421 871 1452 conscios
887 1426 1041 1461 corrupta-

155 1474 225 1494 rum
241 1476 294 1506 per
310 1467 346 1496 P.
365 1466 505 1496 Sextium
520 1466 666 1496 tribuum.

197 1509 254 1538 Cn.
272 1509 438 1548 Lentulus,
462 1509 501 1539 L.
517 1508 630 1538 Manil.
648 1508 696 1538 19.
713 1506 852 1538 tribunus
866 1505 908 1547 pl.
918 1510 948 1536 et
957 1515 1038 1536 anno

153 1555 221 1590 post
235 1551 353 1590 legatus
368 1551 437 1582 fuit.

198 1593 236 1622 L.
255 1594 419 1633 Lentulus,
447 1594 536 1624 Brut.
562 1595 612 1624 20.
639 1593 675 1630 is,
704 1592 757 1634 qui
780 1591 884 1623 consul
909 1601 980 1622 cum
1001 1590 1040 1623 C·

154 1632 274 1665 Marcio
291 1636 402 1676 Figulo
416 1637 485 1674 fuit,
502 1637 544 1667 A.
561 1636 633 1672 597.
650 1636 777 1666 disertus
792 1635 859 1665 fuit.

201 1679 240 1707 L.
258 1679 427 1715 Lentulus,
445 1679 538 1709 Arch.
560 1681 591 1708 5.
607 1684 727 1719 praetor,
751 1688 822 1710 cum
837 1678 874 1709 P.
891 1675 1042 1708 Gabinius

161 1718 199 1750 de
215 1721 388 1762 repetundis
403 1727 477 1753 esset
491 1721 662 1752 damnatus.
