1122 1868
121 38 163 67 44
388 34 538 68 INDEX
561 36 739 69 LEGUM.

116 122 262 153 inustam.
283 121 363 160 Quae
377 128 480 154 autem
495 123 577 154 inuri
591 124 678 154 solita
692 123 742 161 sit,
758 122 797 154 de
811 133 846 154 eo
860 133 920 154 non
935 125 1006 156 satis

117 171 198 195 certo
217 171 340 195 constat.
370 166 467 203 Nam,
490 166 545 197 etsi
560 167 646 197 valde
665 166 829 207 probabilis
844 173 888 197 est
902 177 1006 198 eorum

120 207 235 248 opiniO,
258 208 311 249 qui
327 208 360 238 K
374 209 507 239 inustam
522 215 644 250 putant,
661 209 743 249 quod
759 219 794 239 ea
808 209 906 249 prima
920 209 1007 240 litera

118 257 165 281 est
180 251 258 281 vocis
281 253 449 289 calumnia,
470 262 486 282 e
506 252 598 282 veteri
619 251 768 282 scribendi
790 252 915 289 ratione,
939 263 1008 293 quae

116 295 279 324 lcalumnia
294 295 441 325 scribebat
455 295 497 334 (v.
515 295 546 325 V
547 295 672 332 ossium,
688 294 857 325 Aristarch.
876 295 904 332 I,
924 295 976 331 17)
990 306 1000 330 ς

121 343 221 366 tamen
239 347 299 367 non
323 344 367 367 est
385 337 469 367 omni
489 348 524 367 ex
544 344 628 378 parte
650 344 741 375 certa,
763 337 814 368 sed
836 338 1008 376 conjectur&

119 385 239 409 tantum
255 380 361 410 nititur
375 392 384 416 ς
409 380 531 420 quando
547 390 637 410 nemo
653 386 724 411 vett.
743 386 787 410 est
802 381 867 419 ejus
882 380 924 410 rei
936 391 1007 411 auc-

119 428 175 452 tor.
199 422 326 453 Frustra
341 423 381 452 ad
397 423 531 453 Paulum
545 429 687 464 provocat
702 423 838 453 Vossius.
862 423 950 453 Nihil
970 423 1008 454 de

117 464 205 495 litera
216 465 297 495 dicit.
319 465 387 495 Hoc
397 476 493 506 poenae
505 476 599 506 genus
609 466 732 496 sustulit
740 465 848 496 deinde
860 466 1008 496 Constan-

118 507 200 538 tinus
215 508 264 538 M.
282 508 354 538 Vid.
372 509 513 538 Menard.
530 509 569 538 ad
579 509 674 539 Cicer.
688 509 709 538 l.
721 519 747 539 c.
772 508 883 539 Exstat
892 510 1009 540 Brem-

120 552 230 581 manm'
244 551 380 581 eruditus
395 551 432 581 de
446 552 503 581 hac
517 552 584 592 lege
598 551 730 582 libellus.

162 595 214 625 Dc
239 595 427 634 Rc'pctumlis
448 594 497 624 len·
477 605 540 634 ges,
557 595 672 643 quibus
690 600 830 625 tenentur
850 594 961 635 magist
951 605 1011 625 ra-

120 643 169 668 tus
184 643 213 668 et
234 643 395 674 senatores,
418 637 472 678 qui
489 637 521 667 in
541 637 712 678 provinciis,
735 643 788 667 aut
785 644 927 688 propter
945 648 985 667 rei
987 648 1009 667 u

116 680 324 718 judicandam,
341 687 409 710 cont
411 691 443 710 ra
457 681 549 720 leges,
566 681 708 719 pecunias
728 691 843 721 cepere,
861 680 937 714 (Cic,
954 690 1009 720 pro

118 723 240 753 Cluent.
265 733 289 753 c.
306 724 360 760 37,
383 724 438 761 54)
458 729 530 753 sunt
551 724 737 762 Calpurnia,
755 724 872 758 Acilia,
893 724 1005 760 ιῙιιιιῖα,

120 766 252 802 Servilia,
270 766 414 801 Cornelia,
427 765 450 795 J
452 767 524 805 ulta,
538 766 575 795 de
590 766 701 806 quibus
712 767 774 797 suis
789 766 861 797 locis
876 766 986 806 agitur.

162 809 272 839 Roscia
286 808 445 843 theatralis,
459 809 521 839 lata
535 820 553 839 a
568 810 612 839 L.
630 809 730 839 Roscio
743 809 865 846 Othone,
878 809 947 839 trib.
964 810 1006 849 pl.

119 851 175 886 (Α.
196 852 236 882 U.
260 852 334 889 (536,
357 851 391 882 C.
409 851 576 892 Calpurnio
596 852 706 882 Pisone
723 858 753 882 et
777 852 886 882 Manio
910 851 1010 882 Acilio

120 894 286 925 Glabrione
309 893 399 933 coss.)
421 894 538 925 fautore
560 895 706 936 equestris
727 895 850 926 ordinis.
877 894 926 925 Εὲ
941 905 1009 924 san-

118 938 213 968 citum
232 943 287 974 est,
309 947 346 967 ne
361 937 429 978 quis
444 937 477 967 in
493 938 720 978 quatuordecim
743 938 887 978 gradibus
906 937 1010 968 orche-

119 986 199 1018 strae,
223 980 255 1010 in
271 979 333 1020 quii
356 986 504 1010 senatores
528 981 683 1018 sedebant,
704 980 864 1021 proximis,
883 980 1008 1017 sederet,

118 1023 178 1053 nisi
192 1022 246 1063 qui
261 1033 353 1063 eques
369 1029 398 1053 et
413 1023 545 1064 equestri
560 1034 650 1054 censu
660 1028 744 1054 esset.
769 1024 889 1064 Itaque,
899 1023 926 1053 si
941 1023 1010 1063 quis

120 1076 247 1096 censum
262 1065 427 1096 decoxisset
441 1076 543 1107 eques,
559 1076 620 1096 non
635 1066 745 1096 licebat
760 1066 786 1096 ei
800 1066 879 1095 inter
894 1066 1009 1106 equites

118 1108 229 1139 sedere.
251 1108 315 1139 Cic.
333 1108 414 1138 Phil.
428 1109 477 1147 II,
503 1110 551 1139 18.
578 1109 663 1139 Nam
683 1108 888 1139 decoctoribus
908 1109 1011 1147 cujus-

118 1161 251 1192 cumque
274 1151 398 1189 ordinis,
422 1157 457 1181 ut
479 1162 517 1182 ex
539 1152 644 1182 eodem
666 1152 731 1182 loco
754 1158 881 1187 constat,
912 1157 1010 1183 certus

119 1194 205 1224 locus
227 1194 395 1234 assignatus
417 1194 449 1224 in
475 1195 592 1225 theatro
612 1200 693 1225 erat:
724 1204 823 1235 neque
843 1195 943 1224 solum
962 1194 1010 1225 his

118 1237 173 1277 qui
188 1247 253 1275 suo,
270 1237 321 1267 sed
337 1237 428 1267 etiam
444 1238 497 1278 qui
512 1237 652 1274 fortunae,
668 1237 741 1267 vitio
750 1237 947 1268 decoxissent.
971 1235 1009 1267 In

117 1280 174 1310 Or.
194 1289 249 1320 pro
267 1280 391 1309 Muren.
409 1290 433 1310 c.
455 1281 505 1318 19,
526 1280 573 1311 bis
588 1281 698 1311 dicitur
712 1281 763 1310 lex
777 1281 842 1310 haec
856 1280 1009 1320 equitibus

117 1322 298 1363 dignitatem
314 1328 343 1353 et
358 1323 545 1364 voluptatem
560 1325 720 1353 restituisse
731 1335 742 1352 .·
766 1333 828 1364 quo
843 1324 934 1353 verbo
948 1323 1009 1353 uti-

118 1370 169 1395 tur
189 1366 281 1396 etiam
297 1365 444 1404 Velleius,
464 1366 513 1403 II,
529 1367 570 1396 32
595 1366 662 1401 (ubi
676 1366 737 1396 vid.
757 1366 869 1403 Intt.);
894 1376 932 1396 ex
947 1376 1010 1406 quo

116 1418 152 1439 co
179 1408 258 1438 'vere
272 1407 354 1446 licet,
371 1409 485 1449 equites
503 1410 569 1448 jam
584 1409 804 1450 antiquioribus
820 1409 1008 1449 temporibus

118 1451 281 1491 separatim
304 1461 323 1481 a
341 1451 431 1492 plebe
452 1451 580 1488 sedisse3
604 1451 662 1482 nisi
682 1452 750 1492 quis
766 1451 837 1481 velit
856 1453 1010 1481 restituere

118 1493 286 1534 intelligere
299 1501 447 1532 praestare,
463 1501 499 1525 ut
513 1505 592 1536 saepe
607 1500 651 1525 est
665 1495 697 1524 in
711 1494 839 1535 legibus.
856 1494 897 1525 V.
910 1494 1010 1525 Gloss-

119 1536 243 1566 Nomic.
260 1536 338 1567 Cod.
354 1536 474 1568 Theod.
487 1537 519 1567 in
534 1538 565 1568 h.
585 1548 612 1568 v.
636 1537 800 1575 Caeterum,
816 1547 892 1578 quas
907 1538 1010 1567 turbas

118 1578 184 1609 haec
204 1579 268 1617 lex,
291 1579 412 1610 consule
435 1580 588 1616 Cicerone,
620 1580 744 1617 dederit,
775 1590 846 1610 cum
871 1579 954 1620 plebi
977 1579 1009 1609 in

119 1627 255 1651 mentem
274 1622 413 1660 venisset,
439 1623 496 1653 sibi
518 1634 585 1654 eam
607 1623 706 1663 legem
729 1622 905 1663 ignominiae
926 1632 1008 1658 essm

119 1669 148 1693 et
163 1664 317 1704 quomodo
332 1676 374 1695 eae
388 1676 407 1695 a
430 1666 574 1697 Cicerone
594 1666 728 1696 oratione
747 1664 860 1706 aliquzi,
881 1675 951 1705 quae
965 1665 1011 1694 in-

119 1706 247 1747 tercidit,
266 1707 320 1748 (ad
328 1707 425 1740 Attio,
442 1708 490 1748 II,
510 1710 540 1749 l)
557 1708 728 1750 compositae
743 1707 814 1748 sint,
830 1718 858 1739 v.
875 1718 923 1749 ap.
937 1708 1013 1740 Plu-
