1122 1868
171 25 213 53 36
451 23 596 54 INDEX
621 24 793 56 LEGUM.

171 109 270 145 ferret,
295 108 427 149 collegiS,
449 109 592 149 cognatis,
614 109 766 147 affinibus,
790 120 855 140 eam
878 116 1054 150 potestatem

171 151 393 181 curationemve
414 152 557 182 mandare
571 153 680 183 liceret.
699 153 773 193 Agr.
791 153 837 190 11,
855 154 897 189 ὃς
920 163 975 193 pro
991 151 1055 183 Do-

173 204 236 229 mo,
254 195 305 223 20.

217 237 347 266 Licinia
365 237 399 266 de
414 238 544 274 ambitu,
567 244 595 267 et
611 238 733 278 quidem
755 240 793 267 (Ie
811 239 972 275 sodalitiis,
992 238 1054 268 lata

172 279 230 311 Cn.
251 279 396 320 Pompeio
416 286 445 310 et
463 280 511 309 M.
530 280 638 310 Crasso
660 291 732 310 coss.
755 281 797 310 A.
816 281 854 310 U.
883 281 954 310 698.
980 280 1008 310 V
1011 280 1053 309 id.

170 323 302 363 Argum.
322 323 376 352 Or.
398 332 452 362 pro
469 322 601 352 Plancio.
629 324 710 352 Nam
724 333 760 352 ex
776 323 811 353 ea
822 323 888 362 lege
899 328 1054 353 aecusatus

170 372 215 395 est
229 376 247 395 a
262 365 423 394 Laterense
439 365 591 395 Plancius.
620 365 696 394 Erat
716 371 819 395 autem
839 366 889 395 lex
904 365 1052 396 severissi-

169 418 232 445 ma,
254 413 283 438 et
303 408 441 437 edeticios
451 407 579 446 judices
601 407 790 444 concedebat,
807 407 838 437 h.
854 418 880 437 e.
899 417 959 444 eos,
975 417 1051 448 quos

169 455 322 481 accusator
334 450 483 487 edidisset,
497 460 578 485 cum,
592 449 622 478 in
635 450 747 479 caeteris
760 450 891 489 judiciis,
908 450 961 490 qui
976 461 1052 490 prae-

168 499 231 523 erat
240 492 364 532 judicio,
376 492 529 522 sortiretur
538 492 670 531 judices,
687 502 754 522 reus
766 499 795 522 et
806 498 968 530 accusator,
979 503 1054 533 quos

170 536 290 572 vellent,
307 535 482 574 rejicerent;
505 534 586 575 quod
602 535 700 564 multo
715 535 830 575 aequius
846 535 972 565 videtur.
994 535 1054 566 Sed

170 584 302 614 senatus,
321 578 407 616 cujus
423 577 502 607 bona
518 577 672 607 voluntate
686 577 750 607 haec
761 578 809 607 lex
821 578 882 608 lata
893 583 947 615 est,
963 588 1054 619 prop-

171 627 250 651 terea
261 621 293 650 in
308 620 363 650 hac
379 619 467 650 causa
483 620 614 649 editicios
627 620 743 658 judices
764 621 811 650 edi
827 621 956 658 volebat,
972 621 1054 661 quod

169 663 371 699 existimabat,
391 662 415 692 si
437 673 487 693 reo
503 662 618 701 judices
638 663 676 692 ab
696 669 864 693 accusatore
885 663 1052 700 ederentur,

170 712 371 736 accusatorem
387 715 435 735 eos
451 705 602 735 editurum
624 715 661 734 ex
679 705 716 735 iis
731 705 880 744 tribubus,
896 716 971 746 quas
986 716 1054 736 reus

168 749 326 789 largitione
346 748 497 778 devinctas
521 748 664 777 haberet:
696 748 738 777 ita
763 748 837 785 fore,
856 754 891 778 ut
910 748 1002 778 iidem
1025 757 1054 779 et

169 798 257 821 testes
273 797 301 821 et
320 791 435 829 judices
450 796 546 820 essent
559 802 566 820 ε
591 800 689 831 neque
705 801 774 821 vero
789 791 931 832 cuiquam
946 791 1055 822 melius

169 834 206 864 de
236 833 393 874 largitione
408 833 487 863 facta
503 839 635 863 constare
650 843 746 874 posse,
768 844 860 874 quam
882 834 1054 864 tribulibus.

170 878 279 917 Itaque
304 875 408 906 Cicero
438 876 632 906 Laterensem
662 876 863 916 reprehendit,
894 877 958 917 qui,
983 887 1054 907 curn

168 919 329 949 Plancium
346 929 384 948 ex
401 919 459 948 hac
474 919 540 958 lege
555 925 716 956 accusaret,
739 928 799 948 non
816 930 864 949 eas
880 919 976 949 tribus
992 919 1055 949 edi-

167 962 269 999 disset,
295 972 370 1002 quas
395 961 529 991 maxime
559 961 700 991 clamaret
729 968 882 1002 corruptas
906 972 978 997 esse,
1003 962 1055 992 sed

169 1006 259 1045 longe
269 1004 341 1034 alias
353 1016 360 1034 ι
379 1015 416 1035 ex
431 1014 492 1044 quo
507 1004 703 1043 intelligatur,
717 1014 787 1034 eum
801 1014 861 1034 non
877 1010 940 1034 tam
955 1005 1054 1044 legem

169 1048 207 1077 de
224 1047 379 1084 sodalitiis,
399 1057 494 1087 quarn
517 1046 649 1076 editicios
667 1046 795 1085 judices,
821 1053 956 1077 secutum
981 1057 1052 1077 esse.

171 1090 243 1121 vid.
262 1100 317 1130 pro
340 1089 474 1125 Plancio,
496 1099 520 1118 c.
544 1090 592 1126 15,
613 1089 662 1125 16,
678 1099 744 1129 sqq.
766 1099 803 1119 ex
819 1099 879 1129 quo
902 1090 978 1127 loco,
1000 1096 1053 1119 aut

168 1133 312 1169 oratione,
324 1132 416 1171 hujus
430 1131 505 1171 legis
514 1131 589 1161 ratio
605 1131 692 1161 unice
706 1132 910 1171 cognoscenda
925 1138 978 1162 est.
1005 1131 1055 1162 De

168 1176 225 1205 hac
240 1176 305 1214 lege
321 1174 399 1214 capit
415 1174 450 1204 P.
465 1174 626 1203 Manutius
641 1174 742 1204 locum
757 1174 795 1204 ad
808 1174 879 1204 Div.
897 1175 996 1212 VIII,
1013 1176 1044 1204 2.

213 1218 310 1248 Liviae
333 1218 423 1257 leges,
445 1227 575 1257 quarum
596 1217 709 1247 mentio
729 1227 778 1257 ap.
803 1217 866 1247 Cic.
885 1217 923 1247 de
956 1217 1053 1258 Legg.

171 1260 219 1296 11,
237 1262 267 1296 6,
294 1266 323 1290 et
351 1260 383 1289 in
410 1259 597 1289 Cornelianae
619 1260 633 1289 I
661 1259 849 1300 fragmentis,
874 1266 944 1290 sunt
966 1261 1056 1290 Livii

168 1304 283 1338 Drusi,
298 1303 366 1332 trib.
382 1302 478 1342 plebis
491 1301 633 1339 seditiosi,
649 1303 691 1332 A.
703 1301 743 1333 U.
759 1304 833 1339 662,
846 1312 907 1332 non
922 1303 1055 1343 perlatae.

170 1346 260 1376 Tulit
274 1351 375 1375 autem
377 1345 648 1385 frumentariam,
665 1345 702 1375 de
724 1345 786 1386 qua
801 1355 903 1386 supra,
909 1346 1054 1385 judicia-

168 1390 262 1424 riam,
288 1388 350 1428 qua
370 1388 485 1426 judicia
505 1387 679 1418 communia
702 1394 799 1418 essent
818 1389 1003 1419 senatoribus
1026 1394 1055 1419 et

167 1431 341 1472 equitibus;
366 1430 438 1460 item
453 1431 609 1469 agrariam
622 1430 659 1460 de
674 1430 796 1460 coloniis
807 1430 988 1461 deducendis
1002 1441 1055 1472 per

170 1474 293 1504 Italiam
306 1480 335 1503 et
350 1472 482 1503 Siciliam
496 1484 504 1509 ;
530 1478 558 1503 et
576 1472 658 1503 alias.
683 1472 787 1503 Cicero
801 1478 914 1511 autem,
930 1473 987 1504 loc.
1004 1474 1053 1504 cit.

168 1516 241 1547 dicit
261 1516 314 1546 has
334 1516 427 1556 leges,
444 1521 473 1546 et
497 1515 640 1556 Apuleias
661 1515 830 1556 Titiasque,
845 1526 907 1546 uno
929 1515 1053 1547 senatz‘ls

167 1559 314 1590 versiculo
331 1559 466 1588 sublatas
477 1568 550 1595 esse,
561 1558 593 1588 h.
609 1568 634 1588 e.
650 1558 797 1599 permissa
807 1568 878 1589 coss.
888 1558 1052 1599 republica,

166 1602 223 1632 hac
239 1601 381 1637 formula,
400 1603 422 1618 “
436 1601 568 1632 Videant
580 1600 727 1637 consules,
743 1610 782 1632 ne
796 1601 871 1642 quid
882 1601 1053 1633 detrimenti

167 1644 267 1685 capiat
282 1643 486 1687 respublica?
509 1643 558 1674 Cf.
574 1643 594 1673 1.
611 1653 636 1674 c.
652 1654 677 1674 c.
690 1644 740 1676 12.
