<?xml version="1.0" encoding="UTF-8"?>
<!DOCTYPE html PUBLIC "-//W3C//DTD XHTML 1.0 Transitional//EN"
    "http://www.w3.org/TR/xhtml1/DTD/xhtml1-transitional.dtd">
<html xmlns="http://www.w3.org/1999/xhtml" xml:lang="en" lang="en">
 <head>
  <title>
</title>
<meta http-equiv="Content-Type" content="text/html;charset=utf-8" />
  <meta name='ocr-system' content='tesseract 3.04.00' />
  <meta name='ocr-capabilities' content='ocr_page ocr_carea ocr_par ocr_line ocrx_word'/>
</head>
<body>
  <div class='ocr_page' id='page_1' title='image "./operaern12ciceuoft_0265.png"; bbox 0 0 1137 1848; ppageno 0'>
   <div class='ocr_carea' id='block_1_1' title="bbox 308 66 983 100">
    <p class='ocr_par' dir='ltr' id='par_1_1' title="bbox 308 66 983 100">
     <span class='ocr_line' id='line_1_1' title="bbox 308 66 983 100; baseline 0.004 -3"><span class='ocrx_word' id='word_1_1' title='bbox 308 66 458 98; x_wconf 87' lang='lat' dir='ltr'>INDEX</span> <span class='ocrx_word' id='word_1_2' title='bbox 482 66 768 100; x_wconf 86' lang='lat' dir='ltr'>HISTORICUS.</span> <span class='ocrx_word' id='word_1_3' title='bbox 919 69 983 100; x_wconf 83' lang='lat'>253</span> 
     </span>
    </p>
   </div>
   <div class='ocr_carea' id='block_1_2' title="bbox 100 151 989 1818">
    <p class='ocr_par' dir='ltr' id='par_1_2' title="bbox 102 151 988 274">
     <span class='ocr_line' id='line_1_2' title="bbox 104 151 988 194; baseline 0.003 -13"><span class='ocrx_word' id='word_1_4' title='bbox 104 151 142 182; x_wconf 78' lang='lat' dir='ltr'>sit</span> <span class='ocrx_word' id='word_1_5' title='bbox 165 157 234 192; x_wconf 77' lang='grc' dir='ltr'>Περι</span> <span class='ocrx_word' id='word_1_6' title='bbox 259 158 427 190; x_wconf 51' lang='lat' dir='ltr'>Rhoe-rumor,</span> <span class='ocrx_word' id='word_1_7' title='bbox 451 158 480 183; x_wconf 89' lang='lat' dir='ltr'>et</span> <span class='ocrx_word' id='word_1_8' title='bbox 501 157 570 193; x_wconf 82' lang='grc' dir='ltr'><strong><em>Περι</em></strong></span> <span class='ocrx_word' id='word_1_9' title='bbox 595 155 795 191; x_wconf 57' lang='grc' dir='ltr'>Μαθηματων,</span> <span class='ocrx_word' id='word_1_10' title='bbox 817 153 854 184; x_wconf 87' lang='lat' dir='ltr'>de</span> <span class='ocrx_word' id='word_1_11' title='bbox 877 154 988 194; x_wconf 89' lang='lat' dir='ltr'>quibus</span> 
     </span>
     <span class='ocr_line' id='line_1_3' title="bbox 102 195 988 238; baseline 0.005 -15"><span class='ocrx_word' id='word_1_12' title='bbox 102 195 199 231; x_wconf 88' lang='lat' dir='ltr'>libris,</span> <span class='ocrx_word' id='word_1_13' title='bbox 213 201 242 226; x_wconf 87' lang='lat' dir='ltr'>et</span> <span class='ocrx_word' id='word_1_14' title='bbox 257 195 322 236; x_wconf 90' lang='lat' dir='ltr'>ipso</span> <span class='ocrx_word' id='word_1_15' title='bbox 338 195 541 234; x_wconf 74' lang='lat' dir='ltr'>Hermodoro,</span> <span class='ocrx_word' id='word_1_16' title='bbox 558 206 586 226; x_wconf 92' lang='lat' dir='ltr'>v.</span> <span class='ocrx_word' id='word_1_17' title='bbox 603 196 691 226; x_wconf 86' lang='lat' dir='ltr'>Jons.</span> <span class='ocrx_word' id='word_1_18' title='bbox 712 196 749 226; x_wconf 91' lang='lat' dir='ltr'>de</span> <span class='ocrx_word' id='word_1_19' title='bbox 764 197 871 238; x_wconf 82' lang='lat' dir='ltr'>Script.</span> <span class='ocrx_word' id='word_1_20' title='bbox 889 197 933 227; x_wconf 89' lang='grc' dir='ltr'>Η.</span> <span class='ocrx_word' id='word_1_21' title='bbox 950 197 988 228; x_wconf 88' lang='grc' dir='ltr'>Ρ.</span> 
     </span>
     <span class='ocr_line' id='line_1_4' title="bbox 102 236 246 274; baseline 0.007 -8"><span class='ocrx_word' id='word_1_22' title='bbox 102 236 132 274; x_wconf 82' lang='grc' dir='ltr'>Ι,</span> <span class='ocrx_word' id='word_1_23' title='bbox 153 238 199 267; x_wconf 91' lang='grc'>10.</span> <span class='ocrx_word' id='word_1_24' title='bbox 216 239 246 267; x_wconf 86' lang='grc'><strong>2.</strong></span> 
     </span>
    </p>

    <p class='ocr_par' dir='ltr' id='par_1_3' title="bbox 101 280 988 354">
     <span class='ocr_line' id='line_1_5' title="bbox 147 280 988 320; baseline 0.004 -11"><span class='ocrx_word' id='word_1_25' title='bbox 147 281 358 318; x_wconf 75' lang='lat' dir='ltr'>Hermodorus,</span> <span class='ocrx_word' id='word_1_26' title='bbox 381 280 418 311; x_wconf 84' lang='lat' dir='ltr'>de</span> <span class='ocrx_word' id='word_1_27' title='bbox 434 280 489 312; x_wconf 88' lang='lat' dir='ltr'>Or.</span> <span class='ocrx_word' id='word_1_28' title='bbox 512 280 541 320; x_wconf 90' lang='lat' dir='ltr'>I,</span> <span class='ocrx_word' id='word_1_29' title='bbox 565 283 612 312; x_wconf 84' lang='lat'>14.</span> <span class='ocrx_word' id='word_1_30' title='bbox 628 281 743 312; x_wconf 85' lang='lat' dir='ltr'><strong>celeber</strong></span> <span class='ocrx_word' id='word_1_31' title='bbox 764 282 920 312; x_wconf 81' lang='lat' dir='ltr'>navalium</span> <span class='ocrx_word' id='word_1_32' title='bbox 940 292 988 312; x_wconf 87' lang='lat' dir='ltr'>ar-</span> 
     </span>
     <span class='ocr_line' id='line_1_6' title="bbox 101 322 254 354; baseline 0.007 -2"><span class='ocrx_word' id='word_1_33' title='bbox 101 322 254 354; x_wconf 86' lang='lat' dir='ltr'>chitectus.</span> 
     </span>
    </p>

    <p class='ocr_par' dir='ltr' id='par_1_4' title="bbox 100 366 988 620">
     <span class='ocr_line' id='line_1_7' title="bbox 146 366 987 408; baseline 0.004 -14"><span class='ocrx_word' id='word_1_34' title='bbox 146 367 360 401; x_wconf 61' lang='lat' dir='ltr'>Hermodorus,</span> <span class='ocrx_word' id='word_1_35' title='bbox 383 366 545 407; x_wconf 81' lang='lat' dir='ltr'><strong>Ephesius.</strong></span> <span class='ocrx_word' id='word_1_36' title='bbox 570 367 663 397; x_wconf 86' lang='lat' dir='ltr'>Tusc.</span> <span class='ocrx_word' id='word_1_37' title='bbox 679 366 721 404; x_wconf 86' lang='lat' dir='ltr'>V,</span> <span class='ocrx_word' id='word_1_38' title='bbox 738 368 789 397; x_wconf 81' lang='lat'>36.</span> <span class='ocrx_word' id='word_1_39' title='bbox 807 377 899 408; x_wconf 88' lang='lat' dir='ltr'>quare</span> <span class='ocrx_word' id='word_1_40' title='bbox 914 367 987 398; x_wconf 85' lang='lat' dir='ltr'>civi-</span> 
     </span>
     <span class='ocr_line' id='line_1_8' title="bbox 102 409 987 450; baseline 0.001 -12"><span class='ocrx_word' id='word_1_41' title='bbox 102 413 163 438; x_wconf 83' lang='lat' dir='ltr'><strong>tate</strong></span> <span class='ocrx_word' id='word_1_42' title='bbox 180 410 291 448; x_wconf 86' lang='lat' dir='ltr'>ejectus</span> <span class='ocrx_word' id='word_1_43' title='bbox 306 409 370 439; x_wconf 74' lang='lat' dir='ltr'>sit?</span> <span class='ocrx_word' id='word_1_44' title='bbox 393 409 442 439; x_wconf 88' lang='lat' dir='ltr'>hie</span> <span class='ocrx_word' id='word_1_45' title='bbox 463 416 518 446; x_wconf 89' lang='lat' dir='ltr'>est,</span> <span class='ocrx_word' id='word_1_46' title='bbox 546 420 637 450; x_wconf 89' lang='lat' dir='ltr'>quem</span> <span class='ocrx_word' id='word_1_47' title='bbox 662 410 851 450; x_wconf 78' lang='lat' dir='ltr'>Pomponius</span> <span class='ocrx_word' id='word_1_48' title='bbox 869 410 899 439; x_wconf 92' lang='lat' dir='ltr'>in</span> <span class='ocrx_word' id='word_1_49' title='bbox 921 410 987 439; x_wconf 88' lang='lat' dir='ltr'>En-</span> 
     </span>
     <span class='ocr_line' id='line_1_9' title="bbox 101 450 987 492; baseline 0.001 -11"><span class='ocrx_word' id='word_1_50' title='bbox 101 450 174 481; x_wconf 89' lang='lat' dir='ltr'>chir.</span> <span class='ocrx_word' id='word_1_51' title='bbox 193 452 264 482; x_wconf 87' lang='lat' dir='ltr'>dicit</span> <span class='ocrx_word' id='word_1_52' title='bbox 289 452 420 482; x_wconf 86' lang='lat' dir='ltr'>Romam</span> <span class='ocrx_word' id='word_1_53' title='bbox 437 452 560 486; x_wconf 85' lang='lat' dir='ltr'>venisse,</span> <span class='ocrx_word' id='word_1_54' title='bbox 582 458 610 482; x_wconf 88' lang='lat' dir='ltr'>et</span> <span class='ocrx_word' id='word_1_55' title='bbox 625 453 706 492; x_wconf 84' lang='lat' dir='ltr'>leges</span> <span class='ocrx_word' id='word_1_56' title='bbox 728 453 848 483; x_wconf 77' lang='lat' dir='ltr'>Graecas</span> <span class='ocrx_word' id='word_1_57' title='bbox 869 453 987 482; x_wconf 87' lang='lat' dir='ltr'>decem-</span> 
     </span>
     <span class='ocr_line' id='line_1_10' title="bbox 102 493 988 536; baseline 0.001 -13"><span class='ocrx_word' id='word_1_58' title='bbox 102 493 172 524; x_wconf 87' lang='lat' dir='ltr'>viris</span> <span class='ocrx_word' id='word_1_59' title='bbox 198 494 370 534; x_wconf 48' lang='lat' dir='ltr'>explicasse.</span> <span class='ocrx_word' id='word_1_60' title='bbox 405 494 476 532; x_wconf 67' lang='lat' dir='ltr'>Quzi</span> <span class='ocrx_word' id='word_1_61' title='bbox 499 495 536 524; x_wconf 90' lang='lat' dir='ltr'>de</span> <span class='ocrx_word' id='word_1_62' title='bbox 562 505 593 524; x_wconf 91' lang='lat' dir='ltr'>re</span> <span class='ocrx_word' id='word_1_63' title='bbox 622 496 675 536; x_wconf 89' lang='lat' dir='ltr'>qui</span> <span class='ocrx_word' id='word_1_64' title='bbox 700 495 852 532; x_wconf 87' lang='lat' dir='ltr'>dubitant,</span> <span class='ocrx_word' id='word_1_65' title='bbox 879 495 988 525; x_wconf 84' lang='lat' dir='ltr'>adeant</span> 
     </span>
     <span class='ocr_line' id='line_1_11' title="bbox 103 536 988 579; baseline 0.001 -13"><span class='ocrx_word' id='word_1_66' title='bbox 103 536 184 566; x_wconf 86' lang='lat' dir='ltr'>Plin.</span> <span class='ocrx_word' id='word_1_67' title='bbox 200 536 361 573; x_wconf 92' lang='lat' dir='ltr'>XXXIV,</span> <span class='ocrx_word' id='word_1_68' title='bbox 379 539 408 567; x_wconf 82' lang='lat'>5.</span> <span class='ocrx_word' id='word_1_69' title='bbox 429 537 482 577; x_wconf 89' lang='lat' dir='ltr'>qui</span> <span class='ocrx_word' id='word_1_70' title='bbox 503 538 567 576; x_wconf 82' lang='lat' dir='ltr'>ejus</span> <span class='ocrx_word' id='word_1_71' title='bbox 590 543 721 568; x_wconf 82' lang='lat' dir='ltr'>statuam</span> <span class='ocrx_word' id='word_1_72' title='bbox 740 544 898 579; x_wconf 86' lang='lat' dir='ltr'>propterea</span> <span class='ocrx_word' id='word_1_73' title='bbox 916 537 988 568; x_wconf 84' lang='lat' dir='ltr'>dicit</span> 
     </span>
     <span class='ocr_line' id='line_1_12' title="bbox 100 578 665 620; baseline 0.005 -12"><span class='ocrx_word' id='word_1_74' title='bbox 100 578 132 608; x_wconf 92' lang='lat' dir='ltr'>in</span> <span class='ocrx_word' id='word_1_75' title='bbox 151 580 272 609; x_wconf 90' lang='lat' dir='ltr'>comitio</span> <span class='ocrx_word' id='word_1_76' title='bbox 287 580 406 620; x_wconf 89' lang='lat' dir='ltr'>publice</span> <span class='ocrx_word' id='word_1_77' title='bbox 420 580 549 609; x_wconf 81' lang='lat' dir='ltr'>dicatam</span> <span class='ocrx_word' id='word_1_78' title='bbox 565 580 665 611; x_wconf 85' lang='lat' dir='ltr'>fuisse.</span> 
     </span>
    </p>

    <p class='ocr_par' dir='ltr' id='par_1_5' title="bbox 144 621 608 662">
     <span class='ocr_line' id='line_1_13' title="bbox 144 621 608 662; baseline 0.004 -12"><span class='ocrx_word' id='word_1_79' title='bbox 144 621 352 662; x_wconf 73' lang='lat' dir='ltr'>Hermogenes,</span> <span class='ocrx_word' id='word_1_80' title='bbox 377 623 442 653; x_wconf 85' lang='lat' dir='ltr'>Att.</span> <span class='ocrx_word' id='word_1_81' title='bbox 459 621 540 658; x_wconf 85' lang='lat' dir='ltr'>XII,</span> <span class='ocrx_word' id='word_1_82' title='bbox 557 626 608 652; x_wconf 83' lang='lat'>31.</span> 
     </span>
    </p>

    <p class='ocr_par' dir='ltr' id='par_1_6' title="bbox 104 664 986 737">
     <span class='ocr_line' id='line_1_14' title="bbox 150 664 986 707; baseline 0.005 -15"><span class='ocrx_word' id='word_1_83' title='bbox 150 665 351 702; x_wconf 63' lang='lat' dir='ltr'>Hermogenes,</span> <span class='ocrx_word' id='word_1_84' title='bbox 373 666 441 695; x_wconf 88' lang='lat' dir='ltr'>Att.</span> <span class='ocrx_word' id='word_1_85' title='bbox 457 664 539 702; x_wconf 84' lang='lat' dir='ltr'>XII,</span> <span class='ocrx_word' id='word_1_86' title='bbox 556 667 610 696; x_wconf 92' lang='grc'><strong>25.</strong></span> <span class='ocrx_word' id='word_1_87' title='bbox 624 664 723 703; x_wconf 89' lang='lat' dir='ltr'>XIII,</span> <span class='ocrx_word' id='word_1_88' title='bbox 739 669 791 696; x_wconf 81' lang='lat'>24.</span> <span class='ocrx_word' id='word_1_89' title='bbox 808 666 986 707; x_wconf 84' lang='lat' dir='ltr'>cognomine</span> 
     </span>
     <span class='ocr_line' id='line_1_15' title="bbox 104 706 442 737; baseline 0 0"><span class='ocrx_word' id='word_1_90' title='bbox 104 706 239 737; x_wconf 90' lang='lat' dir='ltr'>Clodius.</span> <span class='ocrx_word' id='word_1_91' title='bbox 256 707 296 737; x_wconf 89' lang='lat' dir='ltr'>V.</span> <span class='ocrx_word' id='word_1_92' title='bbox 315 708 442 737; x_wconf 74' lang='lat' dir='ltr'>Clodius.</span> 
     </span>
    </p>

    <p class='ocr_par' dir='ltr' id='par_1_7' title="bbox 101 749 989 909">
     <span class='ocr_line' id='line_1_16' title="bbox 145 749 988 786; baseline 0.002 -7"><span class='ocrx_word' id='word_1_93' title='bbox 145 751 292 786; x_wconf 76' lang='lat' dir='ltr'>Herodes,</span> <span class='ocrx_word' id='word_1_94' title='bbox 324 750 392 780; x_wconf 88' lang='lat' dir='ltr'>Att.</span> <span class='ocrx_word' id='word_1_95' title='bbox 426 749 471 785; x_wconf 90' lang='grc' dir='ltr'>ΙΙ,</span> <span class='ocrx_word' id='word_1_96' title='bbox 503 754 532 780; x_wconf 84' lang='grc'><strong>2.</strong></span> <span class='ocrx_word' id='word_1_97' title='bbox 563 751 770 785; x_wconf 85' lang='lat' dir='ltr'>Atheniensis,</span> <span class='ocrx_word' id='word_1_98' title='bbox 800 761 859 781; x_wconf 90' lang='lat' dir='ltr'>non</span> <span class='ocrx_word' id='word_1_99' title='bbox 889 753 988 782; x_wconf 88' lang='lat' dir='ltr'>bonus</span> 
     </span>
     <span class='ocr_line' id='line_1_17' title="bbox 101 793 988 833; baseline 0.001 -11"><span class='ocrx_word' id='word_1_100' title='bbox 101 793 238 833; x_wconf 88' lang='lat' dir='ltr'>scriptor,</span> <span class='ocrx_word' id='word_1_101' title='bbox 256 793 408 824; x_wconf 85' lang='lat' dir='ltr'>Ciceronis</span> <span class='ocrx_word' id='word_1_102' title='bbox 423 800 518 823; x_wconf 82' lang='lat' dir='ltr'>aetate.</span> <span class='ocrx_word' id='word_1_103' title='bbox 542 793 672 824; x_wconf 87' lang='lat' dir='ltr'>Videtur</span> <span class='ocrx_word' id='word_1_104' title='bbox 690 794 727 823; x_wconf 87' lang='lat' dir='ltr'>de</span> <span class='ocrx_word' id='word_1_105' title='bbox 750 793 902 824; x_wconf 85' lang='lat' dir='ltr'>Ciceronis</span> <span class='ocrx_word' id='word_1_106' title='bbox 917 804 988 824; x_wconf 87' lang='lat' dir='ltr'>con-</span> 
     </span>
     <span class='ocr_line' id='line_1_18' title="bbox 103 836 989 877; baseline 0.002 -12"><span class='ocrx_word' id='word_1_107' title='bbox 103 836 203 865; x_wconf 85' lang='lat' dir='ltr'>sulatu</span> <span class='ocrx_word' id='word_1_108' title='bbox 220 836 368 877; x_wconf 85' lang='lat' dir='ltr'>scripsisse</span> <span class='ocrx_word' id='word_1_109' title='bbox 383 836 509 876; x_wconf 84' lang='lat' dir='ltr'>aliquid,</span> <span class='ocrx_word' id='word_1_110' title='bbox 523 837 605 877; x_wconf 90' lang='lat' dir='ltr'>quod</span> <span class='ocrx_word' id='word_1_111' title='bbox 617 837 811 867; x_wconf 88' lang='lat' dir='ltr'>vehementer</span> <span class='ocrx_word' id='word_1_112' title='bbox 822 837 989 867; x_wconf 78' lang='lat' dir='ltr'>contemnit</span> 
     </span>
     <span class='ocr_line' id='line_1_19' title="bbox 104 878 218 909; baseline -0.009 0"><span class='ocrx_word' id='word_1_113' title='bbox 104 878 218 909; x_wconf 90' lang='lat' dir='ltr'>Cicero.</span> 
     </span>
    </p>

    <p class='ocr_par' dir='ltr' id='par_1_8' title="bbox 101 921 988 994">
     <span class='ocr_line' id='line_1_20' title="bbox 149 921 988 960; baseline 0.002 -10"><span class='ocrx_word' id='word_1_114' title='bbox 149 921 291 959; x_wconf 79' lang='lat' dir='ltr'>Herodes,</span> <span class='ocrx_word' id='word_1_115' title='bbox 314 922 382 952; x_wconf 85' lang='lat' dir='ltr'>Att.</span> <span class='ocrx_word' id='word_1_116' title='bbox 406 921 468 960; x_wconf 91' lang='lat' dir='ltr'>VI,</span> <span class='ocrx_word' id='word_1_117' title='bbox 490 926 514 952; x_wconf 93' lang='grc'><strong>1.</strong></span> <span class='ocrx_word' id='word_1_118' title='bbox 535 923 591 953; x_wconf 82' lang='lat' dir='ltr'>&amp;c.</span> <span class='ocrx_word' id='word_1_119' title='bbox 615 921 733 953; x_wconf 84' lang='lat' dir='ltr'>videtur</span> <span class='ocrx_word' id='word_1_120' title='bbox 747 922 872 952; x_wconf 88' lang='lat' dir='ltr'>libertus</span> <span class='ocrx_word' id='word_1_121' title='bbox 893 922 988 952; x_wconf 85' lang='lat' dir='ltr'>Attici</span> 
     </span>
     <span class='ocr_line' id='line_1_21' title="bbox 101 974 173 994; baseline -0.014 0"><span class='ocrx_word' id='word_1_122' title='bbox 101 974 173 994; x_wconf 86' lang='lat' dir='ltr'>esse.</span> 
     </span>
    </p>

    <p class='ocr_par' dir='ltr' id='par_1_9' title="bbox 103 1007 988 1129">
     <span class='ocr_line' id='line_1_22' title="bbox 147 1007 988 1048; baseline -0.001 -10"><span class='ocrx_word' id='word_1_123' title='bbox 147 1007 327 1045; x_wconf 69' lang='lat' dir='ltr'>Herodotus,</span> <span class='ocrx_word' id='word_1_124' title='bbox 352 1007 407 1037; x_wconf 88' lang='lat' dir='ltr'>Or.</span> <span class='ocrx_word' id='word_1_125' title='bbox 426 1007 472 1044; x_wconf 89' lang='lat' dir='ltr'>II,</span> <span class='ocrx_word' id='word_1_126' title='bbox 498 1011 546 1038; x_wconf 83' lang='grc'><strong>12.</strong></span> <span class='ocrx_word' id='word_1_127' title='bbox 562 1008 679 1048; x_wconf 89' lang='lat' dir='ltr'>primus</span> <span class='ocrx_word' id='word_1_128' title='bbox 703 1008 879 1038; x_wconf 81' lang='lat' dir='ltr'>Graecorum</span> <span class='ocrx_word' id='word_1_129' title='bbox 894 1007 988 1038; x_wconf 87' lang='lat' dir='ltr'>histo-</span> 
     </span>
     <span class='ocr_line' id='line_1_23' title="bbox 103 1049 986 1091; baseline 0.002 -12"><span class='ocrx_word' id='word_1_130' title='bbox 103 1049 179 1079; x_wconf 87' lang='lat' dir='ltr'>riam</span> <span class='ocrx_word' id='word_1_131' title='bbox 195 1050 322 1080; x_wconf 85' lang='lat' dir='ltr'>ornavit.</span> <span class='ocrx_word' id='word_1_132' title='bbox 346 1050 418 1090; x_wconf 85' lang='lat' dir='ltr'>Leg.</span> <span class='ocrx_word' id='word_1_133' title='bbox 436 1050 463 1084; x_wconf 96' lang='lat' dir='ltr'>I,</span> <span class='ocrx_word' id='word_1_134' title='bbox 488 1054 513 1081; x_wconf 91' lang='grc'><strong>1.</strong></span> <span class='ocrx_word' id='word_1_135' title='bbox 539 1057 623 1091; x_wconf 82' lang='lat' dir='ltr'>pater</span> <span class='ocrx_word' id='word_1_136' title='bbox 646 1051 797 1087; x_wconf 82' lang='lat' dir='ltr'>historiae3</span> <span class='ocrx_word' id='word_1_137' title='bbox 822 1050 986 1081; x_wconf 81' lang='lat' dir='ltr'>fabulosus.</span> 
     </span>
     <span class='ocr_line' id='line_1_24' title="bbox 103 1092 729 1129; baseline -0.002 -6"><span class='ocrx_word' id='word_1_138' title='bbox 103 1092 158 1123; x_wconf 88' lang='lat' dir='ltr'>Or.</span> <span class='ocrx_word' id='word_1_139' title='bbox 174 1094 224 1122; x_wconf 85' lang='lat'>55.</span> <span class='ocrx_word' id='word_1_140' title='bbox 241 1102 367 1123; x_wconf 89' lang='lat' dir='ltr'>numero</span> <span class='ocrx_word' id='word_1_141' title='bbox 382 1100 468 1123; x_wconf 84' lang='lat' dir='ltr'>caret.</span> <span class='ocrx_word' id='word_1_142' title='bbox 492 1093 529 1124; x_wconf 88' lang='lat' dir='ltr'>de</span> <span class='ocrx_word' id='word_1_143' title='bbox 545 1094 616 1123; x_wconf 87' lang='lat' dir='ltr'>Div.</span> <span class='ocrx_word' id='word_1_144' title='bbox 634 1092 661 1129; x_wconf 89' lang='grc' dir='ltr'>Ι,</span> <span class='ocrx_word' id='word_1_145' title='bbox 679 1094 729 1123; x_wconf 79' lang='grc'><strong>53.</strong></span> 
     </span>
    </p>

    <p class='ocr_par' dir='ltr' id='par_1_10' title="bbox 146 1135 874 1176">
     <span class='ocr_line' id='line_1_25' title="bbox 146 1135 874 1176; baseline 0.003 -12"><span class='ocrx_word' id='word_1_146' title='bbox 146 1135 322 1173; x_wconf 74' lang='lat' dir='ltr'>Herodotus,</span> <span class='ocrx_word' id='word_1_147' title='bbox 348 1135 436 1166; x_wconf 87' lang='lat' dir='ltr'>Verr.</span> <span class='ocrx_word' id='word_1_148' title='bbox 452 1135 519 1173; x_wconf 94' lang='grc' dir='ltr'>ΙΙΙ,</span> <span class='ocrx_word' id='word_1_149' title='bbox 538 1138 588 1166; x_wconf 78' lang='grc'><strong>52.</strong></span> <span class='ocrx_word' id='word_1_150' title='bbox 609 1136 874 1176; x_wconf 82' lang='lat' dir='ltr'>Cephaleditanus.</span> 
     </span>
    </p>

    <p class='ocr_par' dir='ltr' id='par_1_11' title="bbox 103 1178 987 1262">
     <span class='ocr_line' id='line_1_26' title="bbox 148 1178 987 1220; baseline 0 -11"><span class='ocrx_word' id='word_1_151' title='bbox 148 1179 312 1216; x_wconf 76' lang='lat' dir='ltr'>Hesiodus,</span> <span class='ocrx_word' id='word_1_152' title='bbox 336 1179 378 1208; x_wconf 90' lang='lat' dir='ltr'>N.</span> <span class='ocrx_word' id='word_1_153' title='bbox 395 1179 435 1208; x_wconf 95' lang='lat' dir='ltr'>D.</span> <span class='ocrx_word' id='word_1_154' title='bbox 455 1178 482 1215; x_wconf 93' lang='lat' dir='ltr'>I,</span> <span class='ocrx_word' id='word_1_155' title='bbox 504 1183 550 1209; x_wconf 81' lang='grc'><strong>14.</strong></span> <span class='ocrx_word' id='word_1_156' title='bbox 567 1179 719 1219; x_wconf 87' lang='lat' dir='ltr'>quomodo</span> <span class='ocrx_word' id='word_1_157' title='bbox 733 1179 911 1220; x_wconf 87' lang='lat' dir='ltr'>Theogonia</span> <span class='ocrx_word' id='word_1_158' title='bbox 922 1180 987 1220; x_wconf 92' lang='lat' dir='ltr'>ejus</span> 
     </span>
     <span class='ocr_line' id='line_1_27' title="bbox 103 1221 616 1262; baseline -0.002 -10"><span class='ocrx_word' id='word_1_159' title='bbox 103 1231 122 1252; x_wconf 85' lang='lat' dir='ltr'>a</span> <span class='ocrx_word' id='word_1_160' title='bbox 137 1221 259 1251; x_wconf 89' lang='lat' dir='ltr'>Zenone</span> <span class='ocrx_word' id='word_1_161' title='bbox 274 1227 303 1251; x_wconf 82' lang='lat' dir='ltr'>et</span> <span class='ocrx_word' id='word_1_162' title='bbox 318 1221 425 1251; x_wconf 64' lang='lat' dir='ltr'>Stoicis</span> <span class='ocrx_word' id='word_1_163' title='bbox 441 1223 616 1262; x_wconf 82' lang='lat' dir='ltr'>explicetur.</span> 
     </span>
    </p>

    <p class='ocr_par' dir='ltr' id='par_1_12' title="bbox 102 1264 987 1346">
     <span class='ocr_line' id='line_1_28' title="bbox 151 1264 987 1305; baseline 0.002 -12"><span class='ocrx_word' id='word_1_164' title='bbox 151 1265 277 1300; x_wconf 75' lang='lat' dir='ltr'>Hicetas,</span> <span class='ocrx_word' id='word_1_165' title='bbox 293 1264 391 1294; x_wconf 85' lang='lat' dir='ltr'>Acad.</span> <span class='ocrx_word' id='word_1_166' title='bbox 414 1264 474 1300; x_wconf 78' lang='lat' dir='ltr'>IV,</span> <span class='ocrx_word' id='word_1_167' title='bbox 496 1267 547 1295; x_wconf 77' lang='lat'>29.</span> <span class='ocrx_word' id='word_1_168' title='bbox 571 1264 767 1305; x_wconf 81' lang='lat' dir='ltr'>philosophus</span> <span class='ocrx_word' id='word_1_169' title='bbox 788 1265 987 1305; x_wconf 69' lang='lat' dir='ltr'>Syracusiusz</span> 
     </span>
     <span class='ocr_line' id='line_1_29' title="bbox 102 1306 582 1346; baseline 0 -9"><span class='ocrx_word' id='word_1_170' title='bbox 102 1307 157 1337; x_wconf 85' lang='lat' dir='ltr'>ubi</span> <span class='ocrx_word' id='word_1_171' title='bbox 172 1313 273 1336; x_wconf 84' lang='lat' dir='ltr'>tamen</span> <span class='ocrx_word' id='word_1_172' title='bbox 289 1307 380 1346; x_wconf 82' lang='lat' dir='ltr'>vulgo</span> <span class='ocrx_word' id='word_1_173' title='bbox 395 1313 439 1337; x_wconf 83' lang='lat' dir='ltr'>est</span> <span class='ocrx_word' id='word_1_174' title='bbox 455 1306 582 1337; x_wconf 71' lang='lat' dir='ltr'>Nicems.</span> 
     </span>
    </p>

    <p class='ocr_par' dir='ltr' id='par_1_13' title="bbox 104 1349 988 1475">
     <span class='ocr_line' id='line_1_30' title="bbox 149 1349 988 1391; baseline 0.004 -14"><span class='ocrx_word' id='word_1_175' title='bbox 149 1349 307 1387; x_wconf 73' lang='lat' dir='ltr'>Hiempsal,</span> <span class='ocrx_word' id='word_1_176' title='bbox 332 1350 440 1387; x_wconf 69' lang='lat' dir='ltr'>Agrar.</span> <span class='ocrx_word' id='word_1_177' title='bbox 468 1349 496 1388; x_wconf 92' lang='grc' dir='ltr'>Ι,</span> <span class='ocrx_word' id='word_1_178' title='bbox 521 1351 550 1380; x_wconf 85' lang='grc'><strong>4.</strong></span> <span class='ocrx_word' id='word_1_179' title='bbox 578 1360 631 1380; x_wconf 89' lang='lat' dir='ltr'>rex</span> <span class='ocrx_word' id='word_1_180' title='bbox 656 1349 863 1387; x_wconf 72' lang='lat' dir='ltr'>Mauritaniae,</span> <span class='ocrx_word' id='word_1_181' title='bbox 884 1351 988 1391; x_wconf 90' lang='lat' dir='ltr'>populi</span> 
     </span>
     <span class='ocr_line' id='line_1_31' title="bbox 105 1391 987 1433; baseline 0.001 -11"><span class='ocrx_word' id='word_1_182' title='bbox 105 1392 197 1422; x_wconf 89' lang='lat' dir='ltr'>Rom.</span> <span class='ocrx_word' id='word_1_183' title='bbox 213 1392 339 1429; x_wconf 87' lang='lat' dir='ltr'>amicus,</span> <span class='ocrx_word' id='word_1_184' title='bbox 358 1391 403 1428; x_wconf 79' lang='grc' dir='ltr'>ΙΙ,</span> <span class='ocrx_word' id='word_1_185' title='bbox 429 1396 479 1422; x_wconf 87' lang='grc'><strong>21.</strong></span> <span class='ocrx_word' id='word_1_186' title='bbox 495 1393 591 1423; x_wconf 74' lang='lat' dir='ltr'>foedus</span> <span class='ocrx_word' id='word_1_187' title='bbox 612 1403 681 1423; x_wconf 88' lang='lat' dir='ltr'>cum</span> <span class='ocrx_word' id='word_1_188' title='bbox 698 1403 731 1423; x_wconf 91' lang='lat' dir='ltr'>eo</span> <span class='ocrx_word' id='word_1_189' title='bbox 746 1404 799 1433; x_wconf 88' lang='lat' dir='ltr'>per</span> <span class='ocrx_word' id='word_1_190' title='bbox 815 1393 850 1423; x_wconf 89' lang='lat' dir='ltr'>C.</span> <span class='ocrx_word' id='word_1_191' title='bbox 867 1394 987 1424; x_wconf 86' lang='lat' dir='ltr'>Cottam</span> 
     </span>
     <span class='ocr_line' id='line_1_32' title="bbox 104 1435 939 1475; baseline 0 -10"><span class='ocrx_word' id='word_1_192' title='bbox 104 1435 259 1465; x_wconf 85' lang='lat' dir='ltr'>consulem</span> <span class='ocrx_word' id='word_1_193' title='bbox 275 1445 293 1464; x_wconf 88' lang='lat' dir='ltr'>a</span> <span class='ocrx_word' id='word_1_194' title='bbox 308 1445 376 1475; x_wconf 88' lang='lat' dir='ltr'>pop.</span> <span class='ocrx_word' id='word_1_195' title='bbox 395 1436 487 1465; x_wconf 89' lang='lat' dir='ltr'>Rom.</span> <span class='ocrx_word' id='word_1_196' title='bbox 503 1446 563 1465; x_wconf 90' lang='lat' dir='ltr'>non</span> <span class='ocrx_word' id='word_1_197' title='bbox 579 1441 623 1465; x_wconf 89' lang='lat' dir='ltr'>est</span> <span class='ocrx_word' id='word_1_198' title='bbox 634 1436 763 1474; x_wconf 85' lang='lat' dir='ltr'>jussum.</span> <span class='ocrx_word' id='word_1_199' title='bbox 789 1436 893 1465; x_wconf 85' lang='lat' dir='ltr'>Vatin.</span> <span class='ocrx_word' id='word_1_200' title='bbox 910 1438 939 1465; x_wconf 88' lang='lat'>5.</span> 
     </span>
    </p>

    <p class='ocr_par' dir='ltr' id='par_1_14' title="bbox 149 1477 988 1518">
     <span class='ocr_line' id='line_1_33' title="bbox 149 1477 988 1518; baseline 0.001 -11"><span class='ocrx_word' id='word_1_201' title='bbox 149 1479 271 1514; x_wconf 78' lang='lat' dir='ltr'>Hieras,</span> <span class='ocrx_word' id='word_1_202' title='bbox 296 1477 397 1507; x_wconf 89' lang='lat' dir='ltr'>Deiot.</span> <span class='ocrx_word' id='word_1_203' title='bbox 418 1482 465 1508; x_wconf 87' lang='grc'>15.</span> <span class='ocrx_word' id='word_1_204' title='bbox 482 1479 598 1518; x_wconf 87' lang='lat' dir='ltr'>legatus</span> <span class='ocrx_word' id='word_1_205' title='bbox 618 1478 755 1508; x_wconf 86' lang='lat' dir='ltr'>Deiotari</span> <span class='ocrx_word' id='word_1_206' title='bbox 770 1478 807 1507; x_wconf 86' lang='lat' dir='ltr'>ad</span> <span class='ocrx_word' id='word_1_207' title='bbox 828 1478 988 1508; x_wconf 82' lang='lat' dir='ltr'>Caesarem.</span> 
     </span>
    </p>

    <p class='ocr_par' dir='ltr' id='par_1_15' title="bbox 104 1520 989 1646">
     <span class='ocr_line' id='line_1_34' title="bbox 150 1520 988 1561; baseline 0.001 -11"><span class='ocrx_word' id='word_1_208' title='bbox 150 1521 259 1557; x_wconf 81' lang='lat' dir='ltr'>Hiero,</span> <span class='ocrx_word' id='word_1_209' title='bbox 282 1520 370 1550; x_wconf 88' lang='lat' dir='ltr'>Verr.</span> <span class='ocrx_word' id='word_1_210' title='bbox 388 1520 453 1557; x_wconf 94' lang='lat' dir='ltr'>III,</span> <span class='ocrx_word' id='word_1_211' title='bbox 479 1524 526 1551; x_wconf 74' lang='lat'>14.</span> <span class='ocrx_word' id='word_1_212' title='bbox 544 1523 749 1561; x_wconf 70' lang='lat' dir='ltr'>Syracusanus</span> <span class='ocrx_word' id='word_1_213' title='bbox 764 1528 917 1560; x_wconf 75' lang='lat' dir='ltr'>tyrannus.</span> <span class='ocrx_word' id='word_1_214' title='bbox 945 1521 988 1551; x_wconf 87' lang='lat' dir='ltr'>N.</span> 
     </span>
     <span class='ocr_line' id='line_1_35' title="bbox 105 1563 989 1603; baseline -0.001 -9"><span class='ocrx_word' id='word_1_215' title='bbox 105 1563 147 1594; x_wconf 89' lang='lat' dir='ltr'>D.</span> <span class='ocrx_word' id='word_1_216' title='bbox 165 1563 192 1599; x_wconf 90' lang='lat' dir='ltr'>I,</span> <span class='ocrx_word' id='word_1_217' title='bbox 210 1567 260 1593; x_wconf 82' lang='lat'>22.</span> <span class='ocrx_word' id='word_1_218' title='bbox 278 1563 464 1593; x_wconf 81' lang='lat' dir='ltr'>Simonidem</span> <span class='ocrx_word' id='word_1_219' title='bbox 477 1564 639 1603; x_wconf 75' lang='lat' dir='ltr'>interrogat</span> <span class='ocrx_word' id='word_1_220' title='bbox 654 1563 690 1593; x_wconf 86' lang='lat' dir='ltr'>de</span> <span class='ocrx_word' id='word_1_221' title='bbox 706 1563 783 1593; x_wconf 89' lang='lat' dir='ltr'>Diis.</span> <span class='ocrx_word' id='word_1_222' title='bbox 806 1564 885 1602; x_wconf 87' lang='lat' dir='ltr'>Ejus</span> <span class='ocrx_word' id='word_1_223' title='bbox 897 1569 989 1593; x_wconf 86' lang='lat' dir='ltr'>stem-</span> 
     </span>
     <span class='ocr_line' id='line_1_36' title="bbox 104 1605 788 1646; baseline -0.001 -10"><span class='ocrx_word' id='word_1_224' title='bbox 104 1616 157 1636; x_wconf 89' lang='lat' dir='ltr'>ma</span> <span class='ocrx_word' id='word_1_225' title='bbox 171 1617 198 1636; x_wconf 91' lang='lat' dir='ltr'>v.</span> <span class='ocrx_word' id='word_1_226' title='bbox 216 1616 263 1646; x_wconf 87' lang='lat' dir='ltr'>ap.</span> <span class='ocrx_word' id='word_1_227' title='bbox 280 1605 437 1636; x_wconf 85' lang='lat' dir='ltr'>Drakenb.</span> <span class='ocrx_word' id='word_1_228' title='bbox 454 1607 492 1636; x_wconf 86' lang='lat' dir='ltr'>ad</span> <span class='ocrx_word' id='word_1_229' title='bbox 508 1607 577 1636; x_wconf 92' lang='lat' dir='ltr'>Liv.</span> <span class='ocrx_word' id='word_1_230' title='bbox 594 1605 721 1643; x_wconf 83' lang='lat' dir='ltr'>XXIV,</span> <span class='ocrx_word' id='word_1_231' title='bbox 738 1607 788 1635; x_wconf 72' lang='lat'>26.</span> 
     </span>
    </p>

    <p class='ocr_par' dir='ltr' id='par_1_16' title="bbox 108 1648 988 1732">
     <span class='ocr_line' id='line_1_37' title="bbox 153 1648 988 1689; baseline 0.001 -11"><span class='ocrx_word' id='word_1_232' title='bbox 153 1649 253 1685; x_wconf 75' lang='lat' dir='ltr'>Hiero,</span> <span class='ocrx_word' id='word_1_233' title='bbox 278 1648 365 1678; x_wconf 88' lang='lat' dir='ltr'>Verr.</span> <span class='ocrx_word' id='word_1_234' title='bbox 381 1650 424 1686; x_wconf 90' lang='lat' dir='ltr'>V,</span> <span class='ocrx_word' id='word_1_235' title='bbox 445 1653 491 1680; x_wconf 89' lang='grc'><strong>13.</strong></span> <span class='ocrx_word' id='word_1_236' title='bbox 509 1649 654 1689; x_wconf 84' lang='lat' dir='ltr'>Cibyrata</span> <span class='ocrx_word' id='word_1_237' title='bbox 674 1658 726 1688; x_wconf 90' lang='lat' dir='ltr'>per</span> <span class='ocrx_word' id='word_1_238' title='bbox 744 1649 848 1687; x_wconf 90' lang='lat' dir='ltr'>jocum</span> <span class='ocrx_word' id='word_1_239' title='bbox 868 1648 988 1686; x_wconf 86' lang='lat' dir='ltr'>dicitur,</span> 
     </span>
     <span class='ocr_line' id='line_1_38' title="bbox 108 1691 832 1732; baseline -0.001 -11"><span class='ocrx_word' id='word_1_240' title='bbox 108 1691 180 1732; x_wconf 90' lang='lat' dir='ltr'>quia</span> <span class='ocrx_word' id='word_1_241' title='bbox 196 1691 285 1721; x_wconf 83' lang='lat' dir='ltr'>Verri</span> <span class='ocrx_word' id='word_1_242' title='bbox 299 1697 456 1732; x_wconf 83' lang='lat' dir='ltr'>tamquam</span> <span class='ocrx_word' id='word_1_243' title='bbox 472 1698 594 1722; x_wconf 88' lang='lat' dir='ltr'>venator</span> <span class='ocrx_word' id='word_1_244' title='bbox 608 1701 748 1721; x_wconf 83' lang='lat' dir='ltr'>vasorum</span> <span class='ocrx_word' id='word_1_245' title='bbox 764 1691 832 1721; x_wconf 67' lang='lat' dir='ltr'>fuit„</span> 
     </span>
    </p>

    <p class='ocr_par' dir='ltr' id='par_1_17' title="bbox 149 1732 989 1773">
     <span class='ocr_line' id='line_1_39' title="bbox 149 1732 989 1773; baseline 0.001 -9"><span class='ocrx_word' id='word_1_246' title='bbox 149 1734 314 1773; x_wconf 73' lang='lat' dir='ltr'>Hierocles,</span> <span class='ocrx_word' id='word_1_247' title='bbox 332 1734 536 1766; x_wconf 84' lang='lat' dir='ltr'>Alabandeus.</span> <span class='ocrx_word' id='word_1_248' title='bbox 553 1733 609 1766; x_wconf 87' lang='lat' dir='ltr'>Or.</span> <span class='ocrx_word' id='word_1_249' title='bbox 627 1732 673 1773; x_wconf 83' lang='grc' dir='ltr'>ΙΙ,</span> <span class='ocrx_word' id='word_1_250' title='bbox 690 1733 898 1766; x_wconf 79' lang='lat' dir='ltr'>23.Meneclis</span> <span class='ocrx_word' id='word_1_251' title='bbox 914 1733 989 1765; x_wconf 85' lang='lat' dir='ltr'>Ala·</span> 
     </span>
    </p>

    <p class='ocr_par' dir='ltr' id='par_1_18' title="bbox 149 1777 796 1818">
     <span class='ocr_line' id='line_1_40' title="bbox 149 1777 796 1818; baseline -0.002 -10"><span class='ocrx_word' id='word_1_252' title='bbox 149 1777 300 1818; x_wconf 77' lang='lat' dir='ltr'>(Clavis.)</span> <span class='ocrx_word' id='word_1_253' title='bbox 775 1785 796 1807; x_wconf 87' lang='lat' dir='ltr'>z</span> 
     </span>
    </p>
   </div>
  </div>
 </body>
</html>
