1122 1868
111 77 173 108 324
327 74 476 107 INDEX
499 74 788 109 HISTORICUS.

153 163 329 202 Philippus,
357 161 528 193 Alexandri
554 168 650 203 pater,
676 161 766 193 offic.
794 159 840 199 II,
866 163 915 191 14.
944 163 995 192 15.

107 207 173 246 ejus
197 206 322 246 epistola
345 206 382 235 ad
408 205 518 241 filium,
544 211 580 235 ut
602 205 735 235 oratione
763 204 991 235 multitudinem

107 248 163 279 sibi
179 248 325 286 conciliet,
342 258 400 278 non
413 247 631 288 largitionibus.
648 246 675 283 I,
689 249 740 277 26.
756 248 852 277 filium
869 252 992 287 superat

106 292 250 322 facilitate
279 297 307 321 et
338 291 548 325 humanitate;
583 302 601 320 a
630 291 692 320 filio
722 296 880 331 superatur
903 290 993 320 rebus

107 334 198 375 gestis
214 341 242 364 et
257 334 361 374 gloria.
386 334 513 363 Tuscul.
534 333 577 369 V,
599 336 646 362 14.
672 332 908 363 Lacedaemoniis
934 331 993 361 mi-

106 383 196 407 natur
211 388 264 418 per
287 377 396 406 literas,
413 377 480 406 Att.
499 375 526 411 I,
553 379 599 406 16.
614 376 716 405 omnia
732 376 851 406 castella
872 385 990 415 expug-

104 419 169 450 nari
185 430 270 460 posse
285 419 412 454 dicebat,
440 419 470 448 in
495 429 563 459 quae
580 419 688 448 asellus
708 427 782 448 auro
797 424 922 448 onustus
937 417 991 447 ad-

105 463 244 493 scendere
259 467 366 502 posset.
382 461 419 492 de
441 462 507 492 Fat.
534 465 564 492 3.
584 462 709 500 jubetur
735 462 865 500 oraculo,
891 470 994 490 cavere

104 505 275 547 quadrigas.

148 550 326 587 J’lzilippus,
343 558 394 577 rex
412 546 613 581 Macedoniae,
637 556 768 586 quocum
784 545 900 576 bellum
917 545 990 575 Ma-

104 591 166 622 ced.
187 590 202 620 Ῑ
227 597 347 631 gestum
369 596 422 620 est.
448 588 566 619 Invent.
595 588 621 625 I,
647 593 693 618 l‘l.
722 589 809 619 Verr.
833 588 878 625 II,
896 591 947 618 21.
973 599 992 618 a

104 634 279 664 Flaminino
299 633 440 662 vincitur.
457 632 507 661 Cf.
528 632 608 662 Phil.
628 632 691 669 XI,
709 632 737 667 7.
751 632 862 671 Agrar.
887 630 915 669 Ι,
942 634 990 661 19.

104 679 157 707 33.
175 677 264 707 Offic.
289 675 334 711 ΙΙ,
367 678 411 704 14.
436 675 587 714 Antigoni
608 675 698 705 filius.
721 674 792 704 Filii
815 684 917 705 vocem
938 673 992 714 qui

104 730 165 750 non
182 720 418 759 concoquebant,
440 717 521 758 quod
542 717 685 755 sciebant,
703 717 785 747 hunc
811 716 992 758 Philippum

104 761 255 793 Demetrii
281 772 353 797 esse,
370 771 430 791 non
448 761 594 800 Antigoni
610 761 720 797 filium,
746 761 915 799 ejecerunt:
940 759 992 789 sed

102 804 297 836 restituerunt
312 809 379 844 post
390 814 406 834 e
419 804 512 833 MSS.
530 803 585 833 viri
600 803 688 833 docti.
706 802 746 832 V.
766 803 889 833 Manut.
903 802 941 832 ad
956 801 988 832 h·

102 849 124 879 1.
148 846 221 878 Fuit
240 855 342 877 autem
364 847 529 887 Philippus
549 846 697 886 Antigoni
718 846 793 885 ejus,
815 845 869 885 qui
885 845 990 875 Doson

103 891 224 927 dicitur,
252 890 332 920 filius
355 889 521 930 privignus.
549 889 644 927 Nam,
675 895 795 919 mortuo
822 887 990 924 Demetrio,

103 945 174 966 cum
198 944 273 974 puer
302 933 401 962 adhuc
428 938 503 962 esset
529 932 703 973 Philippus,
726 938 807 961 tutor
828 931 924 961 factus
947 936 992 962 est

103 978 168 1016 ejus
186 976 363 1016 Antigonus
385 975 502 1005 Doson.
525 974 556 1005 Is
578 976 670 1016 paulo
685 980 753 1015 post
768 979 896 1004 matrem
915 973 992 1003 Phi-

102 1020 179 1060 lippi
194 1019 294 1055 duxit,
311 1025 340 1049 et
355 1019 480 1048 tutelam
498 1018 635 1059 Philippi
650 1018 799 1058 sapienter
813 1016 915 1057 gessit,
933 1017 990 1047 διο.

104 1063 166 1095 vid.
180 1062 354 1097 Justinum,
373 1060 539 1097 XXVIII,
555 1065 586 1090 3.

147 1106 322 1145 Philippus,
340 1104 426 1134 Verr.
442 1102 502 1139 IV,
520 1107 570 1135 34.
589 1102 789 1134 Herbitensis.

147 1150 324 1188 Philippus,
350 1147 449 1177 Flacc.
471 1151 517 1177 Η).
541 1146 709 1176 Temnites.

147 1193 325 1230 Philippus,
342 1190 380 1219 ad
396 1190 469 1220 Div.
488 1189 588 1226 XIII,
606 1191 656 1219 28.
672 1187 932 1219 Lacedaemonius.

146 1237 187 1266 L.
205 1236 382 1273 Philippus,
403 1233 447 1270 Q.
470 1233 505 1263 F.
526 1244 542 1263 e
563 1232 698 1262 Marciis.
725 1231 788 1262 Off.
816 1229 862 1267 Il,
888 1233 935 1265 17.
949 1229 991 1269 Q.

102 1278 192 1308 filius.
224 1280 308 1308 Sext.
336 1280 386 1306 51.
410 1276 531 1306 vitricus
558 1275 662 1313 Gellii,
688 1273 819 1304 seditiosi
842 1274 987 1311 hominis,

101 1321 201 1352 fratris
217 1319 347 1350 consulis
364 1319 402 1349 L.
417 1319 518 1349 Gellii.
543 1319 647 1348 Plane.
664 1321 714 1348 21.
732 1317 762 1346 in
778 1317 922 1357 petitione
937 1316 991 1346 tri-

100 1366 233 1394 bimatus
244 1363 309 1392 mil.
328 1362 481 1403 repulsam
500 1362 578 1391 tulit.
603 1357 692 1391 offic.
716 1359 761 1397 II,
778 1363 830 1390 21.
852 1359 992 1390 tribunus

100 1407 197 1447 plebis
213 1406 269 1436 fert
283 1406 381 1446 legem
398 1404 574 1445 Agrariam,
590 1404 642 1434 sed
657 1414 723 1434 eam
738 1402 826 1433 facile
841 1401 993 1442 antiquari

100 1450 223 1490 patitur.
249 1448 285 1477 In
303 1449 367 1488 ejus
382 1447 530 1485 suasione,
547 1447 688 1488 quaedam
700 1445 790 1475 nimis
805 1444 991 1486 populariter

102 1498 132 1522 et
154 1492 317 1532 perniciose
343 1491 430 1520 dixit.
454 1490 578 1521 Muren-
607 1490 655 1524 17.
678 1489 766 1519 Brut.
790 1490 841 1518 45.
861 1487 891 1517 in
913 1487 992 1527 peti-

101 1535 182 1565 tione
197 1534 368 1564 consulatus
389 1544 407 1563 a
432 1533 480 1563 M.
501 1532 658 1562 Herennio
681 1531 819 1561 vincitur.
843 1530 950 1560 Rabir.
961 1530 992 1565 7.

101 1577 207 1607 consul
231 1586 300 1606 eum
329 1578 411 1606 Sext.
435 1574 522 1606 Julio
547 1574 676 1606 Caesare.
698 1574 753 1604 Or.
777 1573 805 1609 Ι,
833 1573 863 1608 7.
884 1573 989 1603 consul

101 1620 224 1650 tribuno
241 1619 289 1649 M.
304 1619 407 1648 Druso
424 1618 608 1654 adversatur,
631 1623 660 1648 et
677 1618 715 1647 ab
735 1616 871 1656 equitum
896 1615 990 1656 parti-

100 1663 158 1692 bus
173 1668 241 1693 stat.
266 1662 321 1691 Or.
341 1660 405 1697 III,
435 1665 458 1691 l.
483 1661 613 1701 graviter
628 1660 659 1689 in
680 1666 819 1690 senatum
837 1658 941 1688 consul
957 1658 989 1687 in

101 1706 242 1735 concione
257 1704 421 1739 invehitur,
445 1712 474 1734 et
494 1709 651 1744 propterea
666 1713 684 1732 a
702 1703 740 1732 L.
757 1702 865 1732 Crasso
885 1701 990 1739 objur-

98 1754 197 1788 gatur,
215 1747 359 1779 referente
374 1746 412 1777 ad
428 1752 566 1777 senatum
583 1746 695 1776 Druso.
716 1744 810 1775 Dom.
825 1745 875 1774 32.
894 1752 990 1774 avun-
