1122 1868
132 59 194 90 336
345 59 494 92 INDEX
517 61 803 94 HISTORICUS.

130 145 198 176 ficio
212 145 425 187 triumpharet,
448 148 504 177 ἃς.
525 147 637 178 Milon.
654 149 706 178 25.
730 148 868 188 Magnus
884 153 1016 178 vocatur.

131 188 181 218 De
204 199 264 229 quo
289 190 477 229 cognomine,
500 191 623 230 quando
647 191 765 228 datum,
791 202 820 221 v.
840 191 951 230 Scalig.
978 190 1017 220 ad

131 231 245 262 Euseb.
271 243 301 273 p.
324 235 391 264 154.
415 234 444 263 b.
475 233 525 263 De
546 235 634 263 rebus
657 234 758 274 gestis,
785 234 817 263 in
837 233 1017 274 compendio

131 274 194 314 agit
212 275 292 305 Plin.
311 276 353 306 H.
368 276 408 305 N.
425 275 505 313 VII,
527 278 577 306 26.
607 276 656 306 De
671 277 773 307 liberis
789 283 891 306 autem
907 287 936 306 v.
959 275 1017 306 Bi-

130 317 284 355 mardum,
300 318 382 349 Diss.
396 317 423 357 I,
440 329 464 349 c.
478 320 509 349 2.
526 319 565 348 T.
580 318 606 357 Ι,
624 319 769 350 Thesaur.
783 318 922 360 Inscript.
940 318 1016 348 Mu-

132 366 224 390 rator.
239 372 270 401 p.
289 362 317 391 6.
341 373 406 402 sqq.

175 403 231 433 Cn.
249 406 425 444 Pompeius,
448 405 523 435 alter
539 405 649 445 Magni
671 405 713 435 fil.
730 405 798 435 Att.
823 404 901 435 XII.
928 403 1012 434 Phil.

128 445 228 483 XIII,
246 448 274 476 4.
292 458 344 488 per
361 448 514 488 Lepidum
530 448 688 478 adducitur
703 448 740 477 ad
755 458 871 488 pacem.

176 491 211 523 Q.
232 491 405 530 Pompeius.
422 491 499 520 Auli
516 491 550 520 F.
574 491 662 520 Brut.
685 492 734 520 68.
752 490 935 530 Bithynicus
953 489 1016 519 dic-

128 537 177 562 tus
192 538 254 567 est3
272 533 353 574 quod
365 543 530 573 cognomen
541 533 664 563 familiae
679 534 799 563 mansit.
824 533 897 563 Fuit
909 532 1014 563 consul

127 576 171 604 A.
185 575 225 605 U.
240 576 312 606 612.
332 577 380 606 De
392 576 454 606 filio
464 577 505 606 A.
522 576 667 616 Pompeio
679 576 854 616 Bithynico,
871 587 898 605 v.
910 576 941 605 in
957 576 1015 605 Bi-

127 619 260 658 tlzym'co.
284 619 414 648 Biennio
430 620 526 658 major
540 618 694 657 Cicerone,
710 618 825 656 doctus,
837 619 1014 655 laboriosus,

130 661 246 691 actione
261 672 369 701 parum
382 662 529 700 jucunda.

177 706 212 738 Q.
230 706 394 744 Pompeius
413 706 526 744 lVepos,
548 705 586 735 A.
604 705 639 734 F.
656 705 745 734 Brut.
763 707 814 735 25.
838 703 961 733 Muren.
984 703 1014 738 7.

129 746 217 777 Verr.
235 746 295 784 VI,
318 749 368 782 70.
390 747 481 777 homo
496 758 603 783 novus,
621 757 755 777 summos
770 747 898 777 honores
913 756 1016 776 conse—

129 796 217 819 cutus
233 796 286 820 est.
318 790 387 820 Fin.
402 789 447 828 II,
468 791 516 826 17.
541 791 604 821 Off.
622 789 687 827 ΙΙΙ,
703 791 754 820 30.
771 790 921 820 inficiatur
946 788 1016 818 Nu-

128 832 302 862 mantinum
325 833 432 871 foedus,
460 834 541 874 quod
566 834 683 872 injussu
708 834 827 863 senatus
847 831 1015 873 populique

128 874 239 906 fecerat
254 886 332 906 anno
349 878 423 914 613,
434 883 502 917 post
511 877 701 907 consulatum
713 885 792 905 anno
803 881 872 905 ante
884 880 1014 914 gestum.

128 918 219 948 Brut.
236 919 288 953 76.
305 930 406 950 censor
421 930 490 949 cum
504 919 631 949 Metello
647 918 854 949 Macedonico.
877 917 967 947 Font.
984 917 1014 952 7.

129 971 148 990 a
163 961 357 1001 Caepionibus
373 968 526 993 accusatus
543 962 717 992 absolvitur.
733 961 835 991 Amic.
853 963 903 990 21.
919 961 958 990 ab
979 970 1014 990 eo

128 1004 249 1044 capitali
265 1005 345 1041 odio,
362 1005 397 1036 C.
417 1005 506 1035 Laelii
521 1005 623 1041 causa,
640 1004 763 1035 dissidet
783 1005 817 1033 P.
834 1003 934 1044 Scipio
946 1003 1014 1033 Afr.

128 1047 223 1087 quod,
245 1057 314 1077 cum
331 1048 513 1088 promisisset
529 1048 673 1088 Scipioni,
694 1057 724 1077 se
739 1047 775 1077 C.
793 1046 882 1076 Laelii
896 1045 1016 1086 petitio-

128 1098 200 1119 nem
221 1091 393 1120 consulatus
414 1090 605 1129 adjuturum,
627 1095 722 1120 semet
742 1089 844 1129 ipsum
860 1088 1015 1119 consulem

128 1131 250 1170 fecerat,
262 1139 296 1163 ut
307 1140 524 1163 commemorat
534 1133 688 1163 Plutarch.
701 1133 733 1162 in
751 1131 876 1172 Apoph.
890 1142 921 1171 p.
933 1134 1013 1161 200:

130 1185 168 1205 ex
185 1186 245 1216 quo
264 1176 356 1206 etiam
371 1176 561 1216 intelligitur,
583 1175 665 1205 hune
685 1175 868 1215 Pompeium
884 1173 1015 1204 tibicinis

130 1217 230 1248 filium
246 1218 346 1248 fuisse.
358 1218 460 1255 Adde,
477 1219 514 1249 de
529 1229 575 1255 eo,
592 1218 702 1248 Vellei.
719 1217 765 1254 ΙΙ,
786 1220 812 1246 1.

177 1262 212 1295 Q.
227 1263 403 1301 Pompeius,
428 1261 469 1299 Q.
487 1261 523 1291 F.
545 1261 588 1291 A.
612 1261 655 1290 N.
679 1260 796 1300 Rufus.
827 1259 884 1291 Or.
907 1258 938 1297 Ι,
958 1260 1011 1294 37.

129 1310 241 1344 praetor
256 1306 390 1335 urbanus
406 1304 445 1334 A.
460 1305 532 1334 663.
548 1303 704 1334 familiaris
721 1303 822 1334 Crassi
835 1309 865 1333 et
876 1302 1014 1332 Antonii.

130 1347 206 1387 Agr.
226 1346 253 1382 Ι,
276 1350 322 1378 15.
339 1347 443 1378 consul
458 1357 528 1377 cum
545 1347 583 1377 1..
602 1347 700 1384 Sulla,
724 1356 804 1376 anno
819 1346 891 1375 665.
907 1345 1011 1375 Amic.

133 1393 160 1419 l.
177 1390 298 1430 capitali
313 1391 381 1421 odio
396 1401 414 1421 a
434 1390 471 1420 Ρ.
490 1390 624 1430 Sulpicio
643 1390 712 1419 trib.
728 1389 770 1430 pl.
792 1388 927 1428 ejusdem
942 1388 1015 1417 anni

129 1431 264 1471 dissidet,
284 1434 317 1474 (a
332 1435 419 1472 cujus
435 1433 595 1463 emissariis
605 1432 695 1463 etiam
711 1432 791 1462 filius
801 1432 865 1470 ejus
876 1430 1015 1461 interfec-

129 1479 178 1504 tus
194 1481 247 1505 est.
266 1487 294 1506 v.
310 1476 420 1507 Vellei.
438 1475 484 1513 II,
504 1477 567 1513 19.)
583 1486 653 1506 cum
668 1481 737 1505 ante
751 1473 925 1505 amicissimi
940 1472 1015 1503 fuis-

129 1523 204 1547 sent.
229 1518 317 1549 Brut.
332 1520 382 1549 56.
395 1519 579 1549 orationibus
595 1518 671 1549 AElii
686 1518 791 1548 utitur.

176 1561 212 1593 Q.
229 1562 394 1601 Pompeius
411 1562 530 1603 Rufus,
546 1561 639 1601 hujus
656 1560 776 1597 Quinti,
793 1559 834 1597 Q.
845 1559 881 1589 F.
892 1560 932 1589 A.
949 1557 1014 1589 Ne-

127 1602 217 1643 potis,
234 1613 326 1644 nepos
348 1616 385 1635 ex
408 1605 445 1635 1..
468 1605 562 1635 Sullae
580 1605 654 1641 filia,
671 1605 735 1643 ejus
756 1603 796 1640 Q.
811 1601 950 1642 Pompeii
971 1601 1015 1631 fil.

129 1656 221 1685 quem
255 1657 273 1676 a
303 1647 429 1688 Sulpicii
460 1647 619 1678 emissariis
648 1646 839 1677 interfectum
868 1644 1012 1674 diximus.

131 1688 208 1718 Sull.
237 1691 284 1720 19.
318 1690 386 1720 Att.
404 1689 465 1725 IV,
485 1692 534 1720 16.
560 1690 601 1728 Q.
625 1690 676 1720 Fr.
697 1688 761 1726 III,
786 1692 815 1718 2.
847 1687 1012 1718 Messalam

129 1730 269 1763 tribunus
283 1733 363 1775 pleb.
379 1733 420 1764 A.
430 1734 506 1775 700,
522 1739 552 1765 et
567 1734 641 1772 701,
653 1742 740 1764 reum
755 1731 792 1763 de
802 1730 920 1763 ambitu
935 1729 1016 1761 facit.
