1137 1848
300 69 448 102 INDEX
473 70 760 104 HISTORICUS.
916 72 977 103 125

127 156 313 197 Agamedes,
339 157 434 188 Tusc.
462 156 490 196 Ι,
516 159 569 196 47,
586 168 655 189 cum
676 157 855 198 Trophonio
869 158 973 196 fratre,

83 200 234 241 templum
249 200 437 240 Delphicum
453 201 591 231 aedificat.
613 201 692 241 Ejus
708 207 823 231 votum.

126 246 353 282 Agamemnon,
379 244 562 274 Homericus
587 244 650 283 ille,
678 255 756 285 saepe
785 255 971 275 commemo-

82 291 175 317 ratur.

123 331 351 368 Agamemnon,
376 339 488 360 nomen
516 329 594 361 servi
618 336 661 360 est
678 330 709 360 in
731 330 832 371 Epist.
855 330 894 360 ad
911 331 971 360 At-

82 372 186 403 ticum.

123 416 312 455 Agathinus,
328 416 360 446 in
376 416 465 446 Verr.
482 415 550 453 ΙΙΙ,
567 417 621 453 36,
639 416 869 446 Thermitanus.

121 460 318 498 Agathocles,
346 459 377 489 in
400 459 490 489 Verr.
517 460 559 497 V,
581 462 634 497 55,
659 460 833 489 notissimus
854 459 968 490 Siciliae

80 512 145 540 rex,
158 502 195 532 de
211 513 272 543 quo
288 502 348 533 vid.
366 502 475 542 Polyb.
491 503 544 532 lib.
561 503 606 540 X,
622 513 653 543 p.
666 503 740 539 913,
758 503 832 543 imp
826 502 908 532 imis
910 513 970 542 que

80 544 206 575 Diodor.
222 546 315 576 Sicul.
325 556 379 586 qul
390 545 442 575 hb
458 546 506 584 19,
517 548 570 585 20,
583 546 620 576 de
633 546 802 586 Agathocle
814 546 874 575 late
887 556 970 575 com-

80 594 238 619 memorat.

122 631 313 670 Agathocles.
335 631 386 662 De
398 632 473 662 Div.
488 631 515 667 Ι,
532 633 585 669 2-1,
603 633 667 671 ejus
685 632 822 662 Historia
835 642 934 662 comm
938 642 971 662 e-

80 680 224 704 moratur.
247 675 432 715 Agathocles
447 675 579 705 historici
595 676 655 705 duo
671 681 752 711 sunt,
767 675 969 715 Babylonius,

80 717 134 758 qui
158 723 186 747 et
210 717 377 758 Cyzicenus
395 717 514 752 dicitur,
535 718 617 759 quod
636 718 673 748 de
694 718 804 759 Cyzico
829 728 874 748 scr
876 717 968 758 ipsit,

81 766 110 790 et
125 760 258 797 Samius,
275 761 328 801 qui
344 761 381 790 de
403 771 464 801 rep.
482 761 743 791 Pessinuntiorum
761 761 888 801 scripsit.
910 761 970 791 Sed

79 802 163 832 hunc
171 803 273 834 locum
286 804 322 833 de
331 804 502 844 Babylonio
509 804 717 843 accipiendum
731 809 819 844 putat
830 804 859 833 Υ
862 804 969 839 ossius,

80 845 119 875 de
145 845 227 876 Hist.
250 848 304 876 Gr.
325 845 391 883 111,
440 847 545 883 .15‹'3,
565 847 606 877 Τ.
625 846 673 877 ΙΥ
696 847 769 887 Opp
772 847 919 876 .Utrum
935 857 970 876 ea

81 888 217 923 historia
234 900 328 930 quam
345 889 451 919 Cicero
476 889 573 925 affert,
593 900 631 919 ex
646 858 748 920 librisp
750 858 788 919 (Ι1ε
804 889 969 929 Cyziceno-

81 942 152 962 rum
167 934 267 971 rebus,
284 943 322 962 an
339 942 408 962 vero
427 943 463 962 ex
479 933 550 969 alio,
567 938 669 962 sumta
684 932 732 969 sit,
752 941 811 962 non
828 932 968 962 dixerim.

82 975 321 1013 Quatuordecim
336 975 394 1005 hoc
409 975 532 1005 nomine
550 976 628 1005 viios
638 986 675 1005 ex
688 975 868 1015 antiquitate
880 975 970 1005 cosse-

80 1018 126 1058 git
141 1018 258 1048 Fabric.
275 1018 358 1048 Bibl.
374 1018 428 1048 Gr.
447 1018 513 1054 III,
534 1019 583 1054 ll,
603 1029 634 1059 p.
651 1020 714 1053 273
728 1030 735 1048 ε
761 1018 872 1058 quibus
893 1018 970 1048 adde

77 1061 230 1091 decimum
257 1061 400 1102 quintum
425 1061 641 1101 Agathoclem,
670 1061 844 1091 archontem
870 1061 970 1091 Athe-

78 1104 214 1134 niensem
230 1104 357 1145 Olymp.
375 1104 444 1141 CV,
458 1114 492 1134 eo
506 1104 572 1144 ipso
587 1110 732 1144 tempore,
749 1114 810 1144 quo
826 1103 969 1144 Delphici

78 1147 234 1188 Apollinis
257 1147 365 1177 fanum
388 1147 517 1188 diripere
538 1147 669 1187 aggressi
694 1153 764 1177 sunt
788 1146 968 1177 Phocenses.

81 1189 154 1220 Vid.
174 1190 306 1220 Pausan.
325 1190 369 1227 X,
387 1192 416 1220 2.

123 1234 299 1273 Agesilaus,
324 1233 363 1263 ad
386 1233 506 1264 Divers.
529 1233 573 1271 V,
597 1234 645 1271 12,
669 1233 844 1273 Spartiates,
869 1243 970 1274 neque

79 1276 193 1318 pictam
208 1286 307 1317 neque
321 1276 422 1306 fictam
444 1276 610 1316 imaginem
626 1286 713 1306 suam
730 1282 845 1306 exstare
861 1276 966 1306 voluit.

79 1319 234 1357 Offic.11,
259 1322 290 1357 5,
307 1319 370 1350 sine
389 1319 574 1359 adjumentis
590 1319 764 1357 hominum,
780 1329 907 1366 magnas
922 1330 969 1349 res

78 1363 192 1394 efficere
207 1363 315 1404 potuit.

121 1407 213 1445 Agis,
230 1406 293 1436 Off.
320 1404 367 1443 ΙΙ,
387 1406 440 1443 23,
456 1416 510 1436 rex
534 1405 848 1442 Lacedaemoniorum,
871 1405 970 1435 diver-

78 1459 130 1482 sus
153 1450 191 1479 ab
215 1459 261 1487 eo,
286 1449 340 1490 qui
364 1449 440 1479 vixit
464 1454 598 1489 tempore
621 1448 784 1489 Lysandri,
805 1458 866 1489 quo
892 1448 969 1478 duce

77 1492 281 1526 Athenienses
293 1491 331 1522 ad
346 1492 460 1522 flumen
474 1493 571 1531 AEgos
586 1491 657 1522 victi
672 1497 752 1521 sunt.

122 1536 309 1575 Aglaophon,
321 1535 358 1565 de
374 1534 461 1566 Orat.
475 1535 542 1571 ΙΙΙ,
554 1535 585 1571 7,
599 1535 695 1575 pictor
710 1534 869 1565 excellens.
894 1534 968 1564 Duo

76 1578 306 1620 Aglaophontes
321 1578 448 1618 pictores
468 1583 550 1614 sunt,
571 1583 656 1618 pater
670 1582 700 1608 et
720 1577 822 1613 filius;
846 1577 883 1607 de
899 1577 969 1617 qni-

76 1624 134 1653 bus
149 1626 284 1653 veterum
298 1621 378 1651 locos
394 1620 541 1661 congessit
556 1621 577 1650 J
581 1621 683 1658 unius,
701 1620 799 1650 Catal.
814 1620 936 1650 Artific.

123 1666 163 1696 L.
180 1665 311 1703 Agrius,
328 1664 428 1694 Flacc.
448 1664 498 1701 13,
515 1673 606 1704 eques
622 1664 714 1694 Rom.

128 1709 254 1748 Agmzz's,
270 1707 302 1737 in
317 1706 418 1738 Caeeil.
438 1707 488 1745 17,
503 1706 694 1748 Lilybaetana
706 1706 827 1744 mulier,
839 1705 968 1737 Veneris

81 1752 197 1782 liberta.

690 1802 717 1822 m
734 1794 754 1822 3
