1137 1848
279 55 430 88 INDEX
453 55 851 87 Glzffico-LATINUS.
946 55 1008 86 463

541 148 582 172 M.

161 233 305 269 Μακαρων
320 240 410 266 meroz,
426 230 585 259 beatorum
600 230 721 265 insulse,
737 226 776 258 ad
794 227 858 257 Att.
874 226 958 265 XII,
973 231 1001 258 8,

161 272 367 312 Μακροψυχια,
391 271 508 311 affectio
529 273 629 301 animi
646 273 813 310 longinqua
830 272 1002 310 spectantis,

118 314 157 344 ad
171 315 240 344 Att.
266 313 328 350 IX,
358 317 405 344 ll.
429 314 489 345 Sed
505 314 644 344 Graevius
659 325 727 344 vere
740 313 866 353 judicat,
880 313 923 343 nil
940 324 1002 344 cer-

118 357 179 387 tius
206 367 267 386 esse
290 357 499 387 emendatione
526 357 560 386 M
566 357 673 396 agnuti
702 357 784 397 apud
808 356 1000 391 Manutium,

119 410 213 440 quam
229 406 259 429 et
270 399 333 440 ipse
343 399 505 429 Manutius
515 400 673 440 probabat,
689 400 892 439 μικροψυχιαπ.
917 399 1002 429 Nam

117 444 307 484 μακροψυχια
321 452 474 483 nusquam
485 442 567 482 apud
581 443 702 473 Graecos
717 450 852 471 auctores
862 442 1001 480 occurrit,

117 490 147 519 et
160 488 244 518 locus
259 486 423 515 necessario
438 485 585 516 desiderat
596 486 800 525 μικροψιχιαυ.

160 529 245 558 Μαλ’
271 539 532 567 αριστοκρατικως,
546 528 643 567 plane
659 533 695 557 ut
711 528 892 566 optimatem
907 529 1004 565 decet,

116 571 155 601 ad
171 573 237 602 Att.
254 569 281 607 I,
302 572 351 600 14.

161 619 266 651 Μανια,
282 615 420 651 insania,
441 613 533 644 Tusc.
551 613 615 651 ΙΙΙ,
632 615 662 643 5.

161 662 306 693 Μαντικη,
323 658 487 694 divinatio,
503 656 540 686 de
556 657 630 687 Nat.
648 656 691 686 D.
712 655 739 693 I,
756 659 807 688 20.
827 657 864 687 de
880 656 952 688 Div.
973 658 1001 696 Ι,

121 703 147 730 1.
166 699 263 741 Legg.
280 699 327 736 II,
347 700 396 730 13.

162 748 272 777 Mam-15·
296 743 316 772 δ’
337 753 475 782 apertu:
500 742 716 783 supplendum,
743 748 778 772 ut
802 744 935 775 senarius
958 745 1006 775 in-

118 791 201 826 teger
215 786 361 816 habeatur
373 797 380 814 :
403 787 485 818 ὁστις
499 788 600 820 εικαζει
617 791 727 821 καλως,
743 791 824 815 vates
835 787 859 816 is
871 790 1004 825 optimus

104 830 225 870 fuerit,
251 830 306 868 qui
325 829 398 858 bene
424 828 597 867 conjecerit,
622 828 661 857 ad
683 828 748 857 Att.
773 828 852 864 VII,
876 832 924 861 13.
947 830 1006 860 Est

120 882 222 902 versus
238 882 276 902 ex
299 869 452 912 deperdita
469 870 626 911 Euripidis
647 870 802 910 tragoedia.
824 871 908 902 Huic
923 873 1005 903 enim

120 915 227 944 tribuit
251 925 321 944 eum
350 914 542 950 Plutarchus,
570 913 607 944 de
632 912 763 944 Defectu
789 914 1006 954 oraculorum,

122 959 179 988 διο.
194 958 234 988 Τ.
252 957 280 995 1,
297 969 327 998 p.
341 958 412 992 768.
430 956 466 986 ed
482 956 586 996 steph.

166 1003 400 1039 Μεξὶταρμοζομαι,
415 1005 578 1036 commuto,
595 1001 636 1029 ad
651 999 730 1029 alias
739 1011 890 1039 personas
904 1007 1009 1033 trans-

107 1044 199 1085 firo,
216 1043 254 1073 ad
269 1043 338 1072 Att.
354 1041 436 1078 XII,
459 1046 505 1072 12.
527 1043 633 1073 Sermo
649 1049 692 1072 est
707 1043 744 1073 de
762 1043 889 1084 dialogis
906 1045 1008 1085 philo-

123 1086 264 1127 sophicis,
287 1095 362 1126 quos
382 1085 559 1125 refingebat,
579 1091 609 1115 et
626 1085 699 1115 alias
721 1096 862 1126 personas
884 1087 1009 1119 induce-

122 1131 196 1164 bat;
219 1134 255 1159 ut
278 1128 310 1158 in
334 1127 526 1158 Academicis
549 1127 627 1157 fecit.
651 1127 784 1167 Dicitur,
809 1129 1010 1169 quemadmo-

123 1172 199 1202 dum
214 1172 461 1210 μεταῤῥυὲμιζειν,
477 1170 514 1200 de
529 1170 647 1206 statuis,
664 1181 733 1211 quae
747 1171 778 1200 in
794 1172 884 1202 aliam
901 1172 1009 1204 faciem

122 1220 293 1251 mutantur,
310 1219 345 1243 ut
359 1213 465 1249 alium,
486 1222 579 1252 quam
602 1213 873 1249 antea,.referant:
897 1214 935 1245 de
950 1226 1011 1257 quo

123 1257 185 1288 vid.
202 1257 332 1287 Casaub.
348 1255 386 1285 ad
402 1256 526 1286 Sueton.
543 1255 647 1291 Tiber.
664 1266 688 1285 c.
706 1257 756 1290 78.
822 1275 826 1277 Α

169 1305 331 1337 Meam-flua,
346 1299 560 1335 lenimentum,
571 1298 610 1328 ad
620 1299 685 1328 Att.
696 1298 799 1336 XIII,
810 1300 862 1335 27.
885 1300 1010 1333 Catonis

124 1347 270 1382 μειλιγμα
291 1347 346 1378 est,
367 1341 450 1382 quod
473 1341 555 1378 facit,
578 1347 613 1371 ut
636 1340 763 1372 Caesaris
785 1342 952 1383 indignatio
974 1355 1012 1375 ex

124 1384 280 1416 Ciceronis
296 1387 318 1402 ‘⁶
330 1383 481 1420 Catone,’'
503 1383 534 1413 h.
547 1394 572 1413 e.
588 1384 665 1414 libro
680 1384 717 1413 de
731 1384 873 1415 laudibus
885 1385 1012 1420 Catonis

126 1427 290 1464 Uticensis,
312 1432 454 1467 concepta
471 1426 627 1466 mitigetur
647 1432 676 1456 et
695 1427 834 1457 leniatur.
858 1429 907 1459 Sic
928 1430 1013 1460 Lon-

126 1471 217 1511 ginus
229 1470 380 1509 eleganter
394 1475 575 1507 μειλιγματα
585 1469 820 1510 hyperbolarum
833 1477 862 1501 et
872 1473 1013 1504 omnium

127 1512 290 1544 audacium
304 1512 492 1542 locutionum
502 1517 588 1542 vocat
597 1511 759 1552 particulas
769 1513 836 1544 illas
851 1520 881 1544 et
895 1514 1012 1546 formu.»

126 1557 183 1595 las,
200 1556 299 1596 quasi,
315 1560 485 1594 tamquam,
501 1559 536 1584 ut
551 1556 595 1585 ita
610 1556 723 1593 dicam,
737 1556 794 1586 διο.
811 1560 877 1598 Περι
892 1558 1009 1597 ’Ύψους,

129 1600 208 1630 Sect.
224 1598 374 1635 XXXII,
391 1598 422 1628 3.

174 1639 492 1682 Μελαγχῦλια,]“1ινον,
509 1640 603 1672 Tusc.
620 1640 687 1678 III,
704 1643 733 1672 5.

174 1686 303 1720 Μελετη,
320 1685 486 1723 medicatio,
499 1694 585 1722 cura,
602 1684 639 1715 ad
656 1684 721 1716 Att.
738 1684 779 1723 V,
801 1685 848 1716 lo.
