1122 1868
158 42 197 72 10
422 42 571 74 INDEX
594 41 768 73 LEGUM.

159 126 241 168 (Cic.
270 126 308 157 de
330 127 418 158 Orat.
445 128 493 166 ΙΙ,
509 130 561 159 25.
578 130 632 167 49)
655 129 697 158 A.
713 128 753 158 U.
775 128 835 157 651
861 127 934 165 lata,
955 136 1037 158 occa-

155 170 239 199 sione
253 177 405 207 motuum,
421 172 475 211 qui
490 172 600 201 Romae
613 171 709 202 exorti
723 176 806 206 sunt,
823 180 893 200 cum
908 169 1036 206 Cimbri,

154 212 301 252 superatis
322 214 466 254 Alpibus,
488 214 529 252 Q.
552 215 654 245 Catuli
669 213 833 243 exercitum
848 212 1037 248 invasissent,

155 262 186 285 et
200 255 314 295 equites
341 256 474 286 Romani
498 257 607 287 relictis
627 255 772 297 praesidiis
788 256 922 285 Romam
945 253 1040 294 fugis-

156 303 241 333 sent;
266 298 328 338 qu&
342 309 374 328 re
388 299 551 329 imminuta
565 299 671 339 populi
686 299 778 328 Rom.
794 298 935 337 majestas
956 296 1039 327 vide-

156 341 255 370 batur.
282 341 320 370 V.
339 341 483 381 Pighium
499 342 538 371 ad
552 342 634 371 hunc
648 351 773 371 annum.

211 384 356 422 Apuleia,
384 384 478 423 ejusd.
506 386 546 415 L.
570 385 748 419 Saturnini,
772 383 841 413 trib.
866 383 910 423 pl.
935 382 977 412 A.
999 381 1041 411 U·

157 426 240 455 653:
265 437 319 466 pro
335 428 425 456 Corn.
453 427 563 465 Balbo,
581 438 605 457 c.
622 428 672 457 21.
707 426 756 456 Εὲι
778 425 848 455 tulit
862 427 900 455 de
915 425 1040 455 coloniis

155 470 190 498 in
207 470 357 504 Siciliam,
383 470 548 504 Aclza'z'am‚
578 470 868 509 sslacedonz'amqne,
887 469 1039 498 deducen-

156 513 205 541 dis
219 523 230 546 ‚·
248 512 339 541 simul
351 512 459 542 detulit
471 513 584 551 Mario,
600 519 634 543 ut
649 513 680 542 in
696 512 828 552 singulas
840 510 970 541 colonias
982 516 1041 540 ter-

157 564 212 584 nos
233 554 310 584 cives
325 561 448 591 crearet,
469 555 526 585 hoc
541 555 673 592 consilio,
690 561 724 585 ut
739 564 773 584 eo
792 554 894 583 minus
909 553 980 583 huic
994 562 1041 582 ro-

157 597 271 636 gationi
288 597 322 627 C.
348 597 468 627 Marius
483 600 586 628 consul
601 598 755 628 resisteret.
779 596 839 627 Sed
854 607 888 626 ea
903 596 952 626 lex
973 605 1041 636 per-

157 640 219 669 lata
233 649 293 669 non
310 645 364 675 est,
382 646 415 669 ut
430 651 446 670 e
463 640 618 678 Cicerone,
639 641 659 670 1.
676 651 700 671 c.
717 639 845 679 intelligi
860 644 966 680 potest.
990 637 1041 667 De

157 682 269 712 caeteris
288 682 406 722 legibus
420 683 547 723 Apuleii
561 683 769 724 popularibus,
783 683 848 721 jam
863 692 881 710 a
896 680 1040 711 Gracchis

157 725 368 765 promulgatis,
388 736 415 755 v.
431 726 456 755 F
458 727 513 755 lor.
540 727 607 763 III,
627 727 685 761 163
710 725 774 756 Cic.
791 725 828 755 de
843 724 920 764 Leg.
934 723 984 761 II,
999 724 1039 759 6;

161 767 322 808 Nieuport.
341 767 424 798 Hist.
436 769 528 799 Rom.
545 770 576 800 V
579 770 626 805 ΙΙ,
651 770 680 798 8.

198 811 334 849 Apuleia
348 812 381 841 F
380 813 584 842 rumentarz'a.
612 811 685 841 Vid.
701 812 735 842 F
735 811 943 841 rumentarioe.

200 854 342 893 qutillz‘a
369 854 459 895 (forte
489 857 524 886 C.
550 855 683 894 Aquillii
713 855 807 887 Galli,
834 853 902 882 trib.
929 850 988 892 pl.)
1005 852 1043 882 de

158 897 272 926 damno
289 895 411 936 injur-ici
427 899 509 927 dato.
524 898 573 928 Ea
588 903 642 934 est,
656 907 748 938 quam
765 897 828 927 Cic.
843 895 875 924 in
890 895 1000 931 Bruto,
1017 904 1042 924 c.

158 940 214 977 34,
228 946 302 969 extr.
315 940 448 980 appellat
463 942 499 971 de
513 940 665 974 Justicia'u
683 950 737 979 pro
752 949 814 979 quo
829 937 966 978 quidam,
982 946 1043 966 non

158 983 304 1022 probante
333 984 475 1021 Grutero‚
503 984 619 1023 legunt,
644 982 777 1021 injuria,
809 981 855 1011 vel
874 978 1039 1020 injustitia.

158 1024 325 1063 Omnibus,
342 1025 379 1055 de
394 1025 506 1056 damno
527 1026 638 1065 injuria
652 1026 734 1061 dato,
750 1024 879 1063 legibus,
892 1033 961 1063 quae
975 1028 1045 1052 ante

157 1073 242 1096 erant
264 1067 344 1105 latae,
360 1067 525 1108 derogavit,
548 1074 582 1098 ut
601 1069 642 1098 ait
660 1068 821 1108 Ulpianus,
837 1066 890 1095 lib.
908 1065 1043 1101 XVIII,

158 1110 199 1139 ad
214 1110 355 1139 edictum.
387 1111 466 1149 Ejus
488 1111 642 1151 reliquias,
661 1121 679 1140 a
701 1110 775 1140 Caio
791 1115 820 1139 et
836 1108 969 1148 Ulpiano
984 1117 1044 1137 ser-

161 1158 254 1190 vatas,
265 1152 452 1182 illustravere
465 1153 647 1189 Balduinus,
665 1152 780 1188 Noodt,
797 1158 825 1181 et
841 1150 920 1180 docti
936 1150 991 1180 viri
1005 1149 1044 1179 ad

162 1195 274 1224 Caium
289 1195 320 1224 in
332 1195 513 1235 Schultingii
525 1196 658 1236 Jurispr.
674 1194 862 1233 Antejustin.
875 1204 904 1233 p.
918 1202 960 1222 111.
974 1193 1044 1227 179.

202 1238 343 1276 Α-μιὶἰίία
362 1240 394 1268 C.
414 1239 552 1277 Aquillz'l
581 1239 674 1273 Galli,
703 1236 857 1268 Ciceronis
876 1234 1044 1271 familiaris,

159 1282 197 1310 de
212 1281 278 1309 dolo
294 1282 385 1318 malo,
403 1291 495 1321 quem
514 1287 581 1311 tum
601 1281 696 1311 teneri
710 1280 849 1321 putabat,
870 1288 941 1308 cum
962 1276 1046 1307 aliud

160 1329 236 1353 esset
251 1323 441 1361 simulatum,
457 1323 539 1354 aliud
555 1331 668 1354 actum.
691 1322 844 1353 Omnium
860 1320 1046 1351 malitiarum

160 1365 359 1396 everriculum
385 1366 461 1396 hane
481 1367 579 1406 legem
604 1366 737 1407 appellat
760 1364 876 1401 Cicero,
893 1363 930 1393 de
947 1362 990 1392 N.
1006 1361 1047 1391 D.

162 1408 230 1445 ΙΙΙ,
257 1409 308 1438 30.
350 1408 398 1439 Cf.
422 1408 460 1438 de
479 1409 542 1440 Off.
570 1409 638 1447 ΠΙ,
668 1410 715 1439 14.
751 1407 801 1437 De
823 1406 880 1436 hac
907 1405 974 1446 lege
1003 1410 1047 1434 est

160 1461 271 1481 comm.
290 1451 323 1481 J.
340 1451 471 1482 Suaresii
493 1452 655 1482 Mendozae
677 1451 710 1481 in
730 1449 822 1480 Thes.
840 1446 1046 1483 Meermanni,

160 1492 200 1522 T.
216 1494 249 1523 II
262 1504 271 1528 ς
289 1493 342 1533 qui
353 1500 440 1534 putat
455 1501 607 1524 auctorem
622 1504 684 1524 esse
700 1494 747 1524 M.
767 1492 957 1532 Aquillium,
969 1499 1049 1520 cons.

160 1538 203 1566 A.
212 1536 252 1565 U.
278 1537 337 1566 Ἓξ).
354 1536 414 1567 Sed
424 1536 473 1567 hic
483 1537 620 1567 Ciceroni
630 1536 786 1566 familiaris
795 1544 856 1564 esse
866 1543 926 1563 non
938 1531 1047 1573 potuit.

205 1579 330 1615 Atinia,
340 1579 372 1608 in
385 1579 472 1609 Verr.
486 1580 533 1616 ΙΙ,
547 1590 570 1609 c.
582 1582 634 1617 42,
645 1581 682 1609 (le
696 1578 883 1618 rebusfitrlo
896 1576 1048 1614 surreptis

162 1631 224 1651 non
244 1632 306 1652 usu
324 1623 505 1661 ca]›ien‹lz's;
530 1623 617 1661 cujus
632 1623 696 1652 haec
711 1622 801 1651 verba
816 1619 950 1655 fuerunt,
965 1618 1047 1657 quod

159 1671 338 1703 surreptum
348 1667 414 1699 erit,
425 1667 490 1703 effus
499 1670 616 1695 (eterna
629 1665 796 1694 auctoritas
817 1668 887 1692 esto.
902 1660 942 1691 V.
967 1659 1046 1690 Gell-

163 1705 278 1744 XVII,
295 1708 323 1741 7.
350 1707 486 1737 Verbum
502 1713 679 1747 surreptum
697 1706 827 1747 explicat
844 1701 1049 1734 Gothofredus
