1137 1848
295 80 444 112 INDEX
468 80 756 114 HISTORICUS.
908 81 966 110 185

78 165 117 196 ad
132 176 203 197 eum
218 167 276 198 Cn.
292 166 440 199 Octavius
454 168 597 207 mittitur,
608 174 643 198 ut
652 177 722 198 eum
738 167 844 197 classes
859 166 969 197 habere

79 214 108 239 et
123 209 297 250 elephantos
309 211 388 241 alere
402 211 584 252 prohiberet.
608 211 666 241 Est
677 210 851 251 Epiphanis
863 210 906 240 fil.
920 209 968 240 Cf.

78 251 118 281 ad
132 252 163 282 h.
179 253 200 282 1.
218 253 327 294 Polyb.
345 254 452 294 Legat.
472 255 542 290 107.

121 295 302 332 Antiochus,
317 297 461 327 Antiochi
471 298 503 328 X
519 297 569 327 Pii
584 303 613 328 et
622 297 744 328 Selenes
761 297 805 337 (v.
820 295 890 333 inf.)
908 295 968 326 fili-

76 348 124 374 us,
141 338 257 370 Seleuci
275 338 461 380 Cybiosactis
475 340 577 371 frater.
602 340 690 370 Verr.
706 340 749 376 V,
766 340 819 375 27,
834 339 968 368 Romam

77 380 170 418 venit,
187 383 272 422 regni
288 383 417 423 AEgypti
431 384 553 424 petendi
572 383 682 419 causizg
706 388 746 418 et,
763 393 816 422 per
832 381 967 412 Siciliam

77 424 234 462 transiens,
251 436 269 455 a
286 425 380 456 Verre
392 427 552 466 expilatur.
578 427 638 457 Est
652 426 689 464 is,
706 425 760 466 qui
776 425 867 465 vulgo
878 424 969 454 Asia-

78 465 155 496 ticus
169 467 301 505 dicitur;
325 469 374 499 cui
396 469 562 510 Pompeius
584 479 714 509 regnum
731 468 826 509 Syriae
844 467 968 505 ademit,

78 514 107 538 et
119 510 213 540 solam
230 511 470 551 Commagenen,
487 523 557 542 cum
573 512 723 553 particula
736 510 969 551 Mesopotamiae

77 552 220 592 reliquit;
245 554 326 585 unde
351 565 404 585 rex
427 555 653 596 Commagenus
676 561 810 591 vocatur,
834 553 872 584 ad
894 554 967 583 Div.

77 594 154 632 XV,
174 600 184 626 l
203 607 211 625 :
235 607 307 627 nam
323 597 466 627 eumdem
482 608 555 636 esse,
577 604 612 628 ut
628 598 752 628 Valenti
767 597 804 627 de
821 597 852 627 N
855 596 969 627 uminis

77 638 193 669 Selene.
210 640 339 678 videtur,
362 646 535 681 temporum
556 641 631 671 ratio
648 641 758 680 arguit.
782 640 833 670 De
848 640 970 679 regibus

80 679 297 722 Commagenis
312 689 356 714 est
370 683 491 714 libellus
514 683 654 715 Massoni
678 684 709 713 in
733 683 851 724 Haymi
875 682 969 712 Thes.

79 723 219 755 Britann.
238 726 278 756 T.
296 726 323 756 I.

122 767 299 806 Antiochus,
316 769 505 808 Ascalonita,
532 769 631 800 Acad.
648 769 677 807 I,
703 770 735 807 3,
758 768 902 809 magister
918 768 968 799 M.

79 809 236 849 Varronis,
259 822 274 841 e
298 813 377 842 nova
400 811 567 842 Academia
592 813 735 853 remigrat
759 812 790 841 in
813 818 968 842 veterem:

77 853 179 883 scribit
194 860 297 885 contra
318 856 490 885 Philonem.
506 856 596 885 Brut.
614 859 666 893 19,
685 855 858 885 Academiae
882 855 971 884 nobi-

74 896 218 932 lissimus,
231 898 354 928 auditur
365 909 384 928 a
397 898 552 929 Cicerone.
577 899 675 929 Acad.
688 897 750 934 IV,
761 900 779 928 5
791 900 895 935 -18,
908 897 970 928 djs-

76 939 243 979 putationis
263 942 328 980 ejus
343 947 446 971 contra
462 940 659 972 Academiam
687 951 798 971 novam
825 949 970 981 compen-

76 981 174 1012 dium.
197 983 276 1024 Cap.
296 987 346 1021 19,
364 987 417 1014 22).
440 985 649 1014 Inconstantia
664 985 730 1023 ejus
752 983 783 1013 in
800 982 967 1019 sentiendo,

78 1023 138 1063 IV,
155 1028 195 1055 43
210 1037 218 1055 z
243 1027 492 1067 germanissimus
508 1028 638 1064 Stoicus,
656 1027 680 1057 si
695 1037 792 1067 pauca
811 1027 969 1056 mutasset.

76 1068 105 1104 Ι,
119 1069 149 1097 4.
173 1068 304 1100 Librum
315 1077 419 1100 contra
430 1071 593 1100 Philonem
610 1070 724 1107 scribit,
741 1069 864 1099 nomine
877 1069 971 1099 Sosus.

77 1109 138 1149 IV,
155 1113 185 1142 9.
209 1111 374 1149 Quomodo
397 1114 563 1143 ostenderit
589 1112 816 1143 concedendum
843 1123 906 1143 esse
931 1113 971 1142 ab

76 1152 280 1193 Academicis,
297 1163 473 1197 perceptum
495 1167 556 1187 esse
571 1156 640 1193 hoc,
657 1156 734 1185 nihil
746 1155 860 1196 percipi
872 1165 970 1196 posse.

78 1197 153 1227 Nat.
170 1197 210 1227 D.
231 1199 259 1235 Ι,
277 1200 308 1237 7,
332 1199 446 1229 librum
462 1199 563 1230 scribit
581 1199 620 1229 ad
635 1199 782 1229 Balbum.
805 1197 858 1228 Ab
874 1208 908 1228 eo
924 1197 970 1227 di-

77 1246 187 1270 cuntur
216 1240 410 1272 Antiochinae
437 1250 547 1283 partes,
565 1243 603 1272 ad
625 1241 745 1272 Divers.
768 1241 835 1278 IX,
853 1242 882 1270 8.
917 1240 969 1271 Ex

76 1282 124 1312 his
140 1288 222 1323 patet
237 1295 305 1315 vere
321 1287 449 1316 Sextum
460 1286 580 1326 Empir.
606 1285 724 1325 Hypot.
743 1285 853 1325 Pyrrh.
871 1284 899 1321 1,
913 1284 967 1321 33,

78 1331 154 1355 extr.
171 1327 339 1368 scripsisse:
364 1332 402 1357 ‘O
420 1334 558 1369 Αντιοχος
577 1340 627 1363 την
646 1340 733 1357 στοαν
750 1338 913 1366 μετηγαγεν
931 1338 971 1360 εις

80 1379 131 1402 την
143 1369 317 1407 Ακαὸημιαν.

119 1411 303 1452 Antiochus,
321 1413 432 1444 Caecin.
450 1415 482 1451 8,
499 1414 576 1445 servi
591 1423 713 1445 nomen.

120 1454 304 1494 Antiochus,
319 1457 418 1488 Flacc.
436 1458 489 1494 36,
506 1458 643 1487 libertus.

119 1497 293 1529 Antiochus
304 1500 464 1536 Gabinius,
477 1500 543 1530 Att.
556 1501 616 1539 IV,
634 1501 681 1535 16,
691 1500 817 1529 libertus
830 1497 964 1528 Gabinii.

120 1540 269 1580 Antiopa,
287 1543 362 1573 Nat.
381 1543 422 1572 D.
438 1544 505 1580 ΙΙΙ,
522 1544 575 1580 21,
592 1554 670 1574 uxor
683 1542 775 1580 Pieri,
788 1546 885 1571 mater
898 1541 969 1571 Pie-

77 1582 190 1613 ridum.
214 1584 238 1613 F
241 1585 282 1614 in.
301 1585 329 1624 I,
346 1587 378 1623 2,
395 1591 425 1616 et
439 1586 524 1623 alibi,
539 1586 685 1627 tragoedia
697 1584 833 1615 Pacuvii.

122 1627 161 1656 L.
178 1626 346 1668 Antipater
358 1628 511 1667 (Coelius),
525 1629 615 1660 Brut.
628 1630 681 1668 26,
692 1628 817 1669 scriptor
831 1627 971 1658 luculen-

79 1674 138 1706 tus,
157 1669 235 1708 juris
255 1671 351 1702 civilis
369 1672 496 1712 peritus,
518 1673 557 1703 L.
581 1672 681 1703 Crassi
707 1671 860 1712 magister.
882 1670 972 1700 Orat.

81 1711 128 1749 II,
161 1713 207 1741 12.
235 1713 274 1743 L.
297 1714 398 1745 Crassi
420 1715 546 1745 oratoris
565 1714 734 1752 familiaris,
758 1713 877 1754 scripsit
897 1712 971 1742 belli

80 1754 188 1785 Punici
205 1755 240 1785 ΙΙ
256 1756 424 1793 historiam,
446 1758 585 1789 disertius
607 1768 701 1798 quam
722 1756 898 1797 superiores,
914 1754 970 1785 etsi
