1137 1848
233 51 381 83 INDEX
406 50 769 82 GEOGRAPHICUS.
901 55 940 89 77

102 139 227 178 Cyprus,
243 138 342 168 insula
356 137 492 168 Asiatica
507 148 522 167 e
538 137 656 177 regione
669 137 784 167 Ciliciae
799 138 936 179 Asperae,

56 181 137 212 unde
149 181 299 211 Ciceronis
314 180 474 221 provinciae
485 179 598 210 Ciliciae
609 180 754 210 attributa
765 187 835 210 erat.

100 224 235 262 Cyrence,
247 234 302 264 pro
319 223 422 253 Plane.
438 224 469 260 5,
486 223 557 252 urbs
574 223 747 263 Cyrenaica:
762 223 890 263 regionis
905 224 936 253 in

58 266 183 302 Afric&
207 266 288 296 unde
303 266 472 304 thsrenaeus,
488 265 583 295 Tusc.
601 265 664 303 Qu.
683 264 710 302 I,
728 268 780 303 42,
798 272 826 296 et
845 268 937 306 Cyre-

53 310 169 347 na’icus,
181 308 279 339 Acad.
296 308 355 345 IV,
372 311 424 338 42.

102 352 297 392 Cyrrhestica,
314 351 352 381 ad
366 352 434 381 Att.
453 350 495 388 V,
519 351 568 388 18,
592 361 661 391 pars
679 351 785 391 Syriae,
810 352 936 382 confinis

56 394 182 432 Ciliciae,
198 404 308 424 nomen
324 394 416 424 habet
432 404 450 423 a
467 393 582 433 Cyrrlzo
601 394 686 430 urbe,
711 394 791 424 Plin.
809 395 851 431 V,
873 397 934 430 5233

55 448 125 478 quae
139 446 199 466 non
215 436 426 467 confundenda
437 442 480 466 est
491 446 560 466 cum
578 435 689 475 Cyrrho
703 436 902 475 Macedoniae,
919 449 937 468 a

54 479 115 520 qua
141 480 322 520 Cyrrhestica,
347 479 482 509 Minerva
503 478 621 516 dicitur,
649 479 731 518 quod
752 479 783 509 in
809 480 843 510 ea
862 482 935 511 urbe

54 522 203 563 templum
223 522 378 553 Minervae·
388 521 556 551 Alexandri
572 522 619 551 M.
641 521 727 560 jussu
749 529 934 554 exstructum

54 570 107 595 est.
132 565 203 596 Vid,
220 564 346 595 Diodor.
369 565 426 596 Sic.
439 563 569 601 XVIII,
586 575 615 604 p.
627 565 708 594 584:
726 575 797 595 nam
814 566 866 604 ibi,
880 577 935 606 pro

54 620 80 636 εν
98 613 190 647 Κυρνῳ
206 607 233 636 δε
250 619 303 641 της
316 607 434 645 Αθηνας,
445 618 483 638 sc.
498 607 645 647 templum
657 608 879 647 exstruijussit,
893 610 935 640 le-

53 650 200 690 gendum,
228 656 347 680 auctore
372 649 574 690 wesselingio
593 650 632 679 ad
652 649 789 681 Itinerar.
814 651 932 683 Hieros.

53 703 83 733 p.
101 694 174 730 606,
189 705 214 722 εν
228 695 333 732 Κυρριμ.
358 692 435 722 Inde
450 699 551 722 autem
569 693 618 733 (ut
630 692 686 723 hoc
695 693 857 732 addamus)
870 695 934 725 cul-

54 741 102 765 tus
124 734 266 776 migravit
288 735 319 764 in
343 735 474 775 Syriam,
505 734 557 764 ubi
578 736 728 775 templum
745 738 937 777 Cyrrhestica³

59 779 100 807 M
101 780 202 809 inerme
216 783 365 807 memorat
379 778 498 814 Strabo,
516 777 610 814 XVI,
621 788 651 818 p.
666 779 756 809 1090.
774 780 847 820 Ipsa
862 783 933 812 urbs

54 820 184 860 Cym-hus
204 820 300 860 Syriae
316 821 356 850 ab
376 819 468 850 alters:
483 820 671 850 Macedoniae
686 830 796 852 nomen
812 824 937 854 traxisse

53 863 190 899 videtur;
215 868 249 892 ut
267 863 368 903 plures
383 863 450 893 aliae
464 864 553 893 urbes
568 862 663 904 Syriae
677 865 870 903 cognomines
885 877 936 896 ur-

55 906 144 936 bibus
166 905 356 936 Macedonia>
379 911 408 936 et
435 905 601 936 Thessaliae
623 906 768 944 invenias,
792 908 873 949 quod
900 909 935 939 iis

55 948 194 979 Thessali
210 954 238 979 et
259 947 441 979 Macedones
456 958 581 978 suarum
602 948 725 979 urbium
740 951 864 981 nomina
884 952 936 981 tri-

56 992 157 1022 buere.
181 991 222 1021 V.
239 990 383 1021 Vossium
398 991 438 1021 ad
449 990 579 1029 Melam,
592 1002 622 1032 p.
639 994 712 1021 448.

100 1034 255 1074 Cyzicum,
267 1039 296 1063 et
314 1035 445 1073 Cyzicus,
459 1035 531 1065 urbs
541 1034 653 1074 Mysiae
668 1034 802 1073 minon's,
813 1036 852 1066 ad
864 1037 936 1068 Pro-

55 1076 223 1117 pontidem,
240 1088 262 1107 s.
279 1076 480 1117 Hellesponti.
506 1077 602 1114 Nam,
614 1077 646 1106 in
662 1077 811 1108 Hieroclis
826 1081 938 1120 Synec-

57 1120 157 1157 demo,
175 1120 303 1160 Cyzicus
319 1119 510 1159 Hellesponti
524 1120 696 1160 metropolis
721 1126 774 1158 est,
791 1124 938 1161 quemad-

58 1162 196 1199 modum,
211 1173 236 1192 v.
248 1173 272 1192 c.
286 1162 485 1202 Lampsacus,
498 1162 580 1202 quod
592 1173 638 1203 ap.
654 1162 717 1193 Cic.
726 1163 756 1193 V
758 1174 812 1193 err.
827 1163 873 1201 II,
885 1169 938 1201 24,

57 1205 205 1245 oppidum
227 1205 258 1234 in
281 1204 479 1245 Hellesponto
499 1204 618 1243 dicitur,
641 1205 722 1246 quod
745 1208 784 1236 ab
809 1208 875 1238 aliis
901 1210 938 1239 ad

61 1247 197 1288 Mysiam
218 1247 353 1277 refertur.
378 1247 418 1277 V.
435 1247 464 1276 in
479 1247 641 1286 Hellespon!
649 1259 689 1278 ns.
715 1248 753 1277 In
775 1249 854 1280 bello
874 1252 939 1282 Mi-

60 1290 229 1326 thridatico,
244 1290 338 1320 nobili
355 1289 509 1320 obsidione
524 1290 683 1325 inclaruit;
709 1297 737 1321 et
752 1291 808 1322 hoc
820 1295 941 1325 nomine

59 1343 137 1373 saepe
152 1333 234 1374 apud
259 1331 435 1364 Ciceronem
457 1339 719 1364 commemoratur.
755 1333 830 1365 Inde
854 1336 942 1377 Cyrsi-

58 1387 155 1406 ‘1371th-

477 1461 518 1491 D.

107 1548 274 1584 Dalmatia,
289 1548 369 1588 regio
386 1547 529 1588 Europae,
546 1545 667 1587 Illyrico
683 1554 712 1578 et
727 1548 844 1580 Moesiae
856 1553 947 1582 confiu

65 1601 121 1621 ms.

108 1634 221 1669 Danai,
239 1633 348 1671 Graeci,
365 1644 383 1663 a
395 1633 514 1664 Danao.

112 1678 258 1713 Dardani,
276 1678 357 1707 Sext.
373 1679 425 1710 43,
438 1677 542 1707 incolae
558 1675 732 1713 Dardaniae,
749 1688 817 1717 quaz
827 1687 869 1709 est
886 1691 954 1720 pars

68 1719 188 1750 Moesia:
204 1719 373 1759 superioris.
392 1719 515 1759 Illyrico
531 1726 557 1750 et
574 1720 762 1751 Macedoniae
779 1721 915 1753 finitima.

681 1772 705 1793 Η
724 1767 742 1791 :3
