1137 1848
348 62 498 94 INDEX
523 63 807 96 HISTORICUS.
961 68 1023 97 235

177 148 217 179 P.
234 147 377 186 Flaccus,
401 149 440 179 ad
456 148 529 180 Div.
549 149 610 187 IX,
628 152 679 179 21.
703 157 821 181 accusat
844 150 892 181 M.
909 150 1025 182 Carbo-

131 199 213 221 nem.

174 233 211 269 Q.
226 234 356 264 Fulvius
374 235 513 265 Flaccus.
538 235 610 265 Vid.
631 236 667 271 Q.
691 236 824 267 Fulvius.

174 276 211 311 Q.
228 277 369 314 Flaccus,
388 278 453 307 Att.
471 278 532 315 IV,
550 279 579 307 3.
599 277 763 308 Clodianos
786 279 946 319 quosdam,
966 279 1020 311 Ci-

128 329 266 350 ceronem
279 326 503 360 persequentes,
517 321 676 351 interfecit.

173 362 205 392 T.
220 363 438 401 Flamininus,
456 374 472 393 e
487 363 631 400 Quintiis.
658 363 745 393 Verr.
763 363 810 401 II,
826 367 877 395 21.
890 364 1016 395 Muren.

130 407 179 435 14.
204 405 385 446 Philippum
396 406 586 436 Macedoniae
598 417 699 446 regem
716 406 819 446 vincit,
833 414 861 437 et
874 407 911 437 de
923 418 956 438 eo
967 409 1021 438 tri.

126 448 265 488 umphat.
290 448 339 478 De
354 449 420 487 ejus
435 450 525 478 rebus
540 449 600 479 late
616 450 735 479 Livius.

172 492 207 521 Τ.
232 492 447 529 Flamininus,
474 492 562 521 Brut.
589 493 640 521 28.
666 493 719 526 74.
746 492 784 525 (is
811 491 863 532 qui
889 502 959 522 cum
975 492 1017 530 Q.

123 532 253 564 Metello
267 535 371 564 consul
387 535 457 570 fuit,
480 534 519 563 A.
537 535 610 569 630,
628 545 720 575 quem
745 545 822 575 puer
839 534 945 576 Cicero
972 536 1016 565 vi-

125 575 185 614 dit)
202 577 278 606 bene
294 577 404 607 Latine
419 578 537 607 locutus
554 583 608 614 est,
626 578 727 607 literas
742 577 856 607 nesciit.

166 620 349 649 Flaminius
367 621 490 655 Circus,
508 620 539 649 in
562 620 630 649 Sen.
646 630 677 660 p.
693 620 771 650 Red.
789 621 818 650 6.
835 621 865 655 7.
883 621 940 650 διε.
956 620 1016 650 fuit

123 668 209 692 extra
227 668 346 702 portam
364 661 602 700 Carmentalem,
624 673 718 703 prope
735 663 830 693 aedem
847 663 1013 703 Apollinis,

122 710 152 734 et
173 704 276 735 forum
302 705 464 735 olitorium.
488 705 602 735 Ascon.
633 705 671 735 ad
698 706 761 736 Cic.
790 705 845 736 Or.
871 706 902 735 in
930 706 958 735 T
961 716 1008 746 og.

124 747 212 777 cand.

166 790 200 820 C.
221 792 418 827 Flaminius,
445 790 535 820 Brut.
560 793 608 819 14.
629 793 677 821 19.
697 791 733 828 is,
750 791 816 831 qui,
832 790 901 820 trib.
918 790 960 831 pl.
977 790 1014 821 de

120 842 194 873 agro
215 834 333 864 Gallico
360 839 389 864 et
414 833 526 863 Piceno
552 833 666 862 viritim
691 833 852 863 dividendo
873 834 954 869 tulit,
986 839 1015 863 et

119 876 224 906 consul
239 876 277 906 ad
293 876 510 906 Trasimenum
531 876 705 905 interfectus
730 882 784 912 est,
807 876 846 905 ad
861 876 1012 916 populum

119 918 245 949 dicendo
272 919 377 949 valuit.
409 920 463 949 Ab
484 919 543 949 alio
568 918 604 950 C.
622 919 775 948 Flaminio
803 918 906 948 Cicero
930 918 1012 948 hunc

117 960 262 1001 distingui
279 962 385 998 voluit,
402 972 513 1001 nempe
534 962 572 991 ab
597 971 631 991 eo
647 962 711 1002 qui,
736 962 774 991 A.
792 962 833 991 U.
850 962 924 998 566,
941 971 1013 990 con-

117 1004 167 1034 sul
187 1004 257 1034 fuit.
275 1004 312 1034 de
329 1005 397 1034 Inv.
419 1003 465 1041 II,
486 1005 533 1039 17.
551 1014 620 1034 cum
633 1005 732 1044 legem
748 1004 817 1039 fert,
835 1014 852 1033 a
867 1010 953 1044 patre
973 1004 1011 1033 de

116 1047 230 1087 templo
245 1047 414 1077 deducitur.
431 1047 468 1076 de
484 1047 559 1085 Leg.
584 1046 648 1083 ΙΙΙ,
665 1049 695 1076 9.
713 1046 858 1077 seditiosis
881 1046 1010 1076 tribunis

116 1096 344 1120 annumeratur.
370 1090 412 1120 N.
429 1090 471 1119 D.
489 1088 534 1126 II,
553 1091 582 1118 3.
601 1090 672 1119 Div.
690 1089 716 1126 Ι,
740 1091 792 1119 35.
817 1089 865 1126 II,
882 1090 934 1119 33.
963 1089 1010 1119 bis

113 1133 218 1162 consul
227 1133 297 1169 fuit,
311 1134 355 1163 A.
365 1134 439 1168 530,
448 1139 477 1162 et
487 1133 560 1162 536.
574 1132 604 1162 in
615 1132 745 1163 secundo
758 1132 927 1169 consulatu,
936 1141 1010 1172 neg-

113 1174 197 1205 lectis
212 1175 363 1216 auspiciis.
380 1176 467 1216 perit.

157 1220 190 1248 C.
207 1220 403 1256 Flaminius,
422 1218 544 1249 Cluent.
563 1219 613 1248 45.
631 1219 682 1247 53.
695 1217 792 1248 aedilis
808 1217 920 1247 curulis
935 1227 1015 1261 cumi

113 1258 163 1290 M.
181 1261 333 1299 Plaetorio,
351 1268 380 1292 et
394 1267 505 1302 praetor
516 1271 587 1291 cum
605 1261 761 1299 Cicerone,
779 1267 809 1290 et
819 1260 943 1301 quidem
959 1260 1007 1289 in-

113 1308 158 1333 ter
173 1303 301 1334 sicarios.
528 1334 532 1342 ,

157 1347 195 1376 L.
222 1348 416 1384 Flaminius,
433 1357 449 1377 e
464 1346 612 1385 Quintiis,
635 1347 701 1376 Titi
723 1346 825 1376 frater.
849 1345 935 1376 Cato.
953 1348 1004 1375 12.

112 1389 152 1419 ob
163 1389 302 1420 libidines
317 1401 335 1420 a
350 1390 465 1420 Catone
480 1399 599 1420 censore
612 1401 627 1420 e
639 1396 743 1420 senatu
761 1389 872 1427 ejectus
888 1393 1003 1428 septem

112 1432 198 1462 annis
213 1438 281 1473 post
296 1443 389 1473 quam
405 1433 510 1462 consul
525 1433 640 1462 fuisset.
664 1432 779 1462 Consul
794 1431 854 1460 fuit
868 1431 910 1460 A.
927 1432 1001 1461 561.

113 1474 165 1505 De
173 1475 299 1506 libidine
308 1477 373 1515 ejus
385 1482 414 1505 et
423 1475 495 1505 not&
507 1476 652 1514 censorin,
665 1475 742 1505 adde
752 1473 820 1504 Liv.
834 1472 1002 1511 XXXIX,

158 1561 195 1590 T.
212 1562 395 1591 Flaminius
423 1562 575 1592 Flamma.
611 1560 677 1591 Att.
700 1560 782 1597 XII,
805 1561 859 1589 52.
891 1557 998 1589 Etiam

111 1602 150 1633 ad
165 1602 237 1633 Div.
252 1604 348 1642 XVI,
366 1607 417 1634 24.
442 1604 617 1634 nominatur
633 1604 785 1639 Flamma,
812 1601 929 1631 debitor
945 1602 999 1632 Ci-

111 1646 235 1676 ceronis.
258 1647 381 1677 Nomen
401 1647 459 1678 hoc
482 1653 526 1677 est
550 1647 642 1677 etiam
657 1657 706 1687 ap.
722 1645 846 1676 Sallust.
868 1644 900 1674 in
916 1645 997 1675 Bell.

115 1687 182 1718 Cat.
199 1690 250 1719 36.

155 1732 186 1762 C.
203 1733 344 1771 Flavius,
361 1733 399 1763 ad
416 1733 488 1763 Div.
503 1731 602 1770 XIII,
618 1734 671 1763 31.
688 1742 778 1772 eques
795 1731 888 1761 Rom.
