1122 1868
138 71 202 101 328
354 70 503 102 INDEX
526 69 811 102 HISTORICUS.

139 162 186 186 tra
209 156 371 187 Caecinam.
396 158 460 188 Att.
490 156 517 194 1,
548 160 573 188 l.
598 167 732 198 procons.
755 153 874 185 Galliae.
892 151 966 184 ibid.
992 151 1020 189 1,

143 203 191 230 13.
220 203 267 229 14.
284 200 452 240 pacificator
474 200 689 240 Allobrogum.
713 200 812 229 Flacc.
828 198 879 226 38.
901 207 919 226 a
935 195 1023 227 Cice-

139 252 211 272 rone
225 242 404 273 defenditur.
428 243 516 273 Brut.
536 243 587 272 (38.
603 242 741 272 statarius
757 247 785 271 et
801 239 944 270 semionis
958 238 1023 279 ple-

139 294 197 315 nus
212 292 319 315 orator.
342 286 455 316 Consul
471 286 529 315 fuit
547 295 617 315 cum
634 285 682 315 Μ’
700 283 875 319 Glabrione,
887 282 930 312 A.
950 281 1023 311 686.

140 328 251 358 Nescio
266 338 303 358 an
320 328 368 358 hic
382 334 426 358 est
441 328 550 358 arbiter
564 328 596 357 in
616 328 706 359 causa
722 328 762 366 Q.
780 325 881 356 Roscii
896 331 925 355 et
940 324 1023 354 Fan-

139 370 194 407 nii,
212 372 301 401 Rosc.
319 370 406 402 Com.
423 375 453 401 3.

185 415 221 444 C.
239 415 321 451 Piso,
338 414 369 443 in
386 414 487 444 Pison.
506 414 533 444 l.
555 413 593 443 ad
609 413 697 451 Quir.
714 424 744 454 p.
767 412 845 443 Red.
867 412 898 442 3.
919 411 950 441 in
967 410 1021 441 Se-

139 462 202 486 nat.
233 459 280 487 15.
304 467 394 497 gener
422 457 585 493 Ciceronis,
609 457 699 486 Ponti
719 463 748 486 et
767 454 923 495 Bithyniae
937 464 1022 494 quae-

139 505 252 529 Sturam
269 510 323 540 pro
338 501 429 530 soceri
445 500 539 530 salute
554 499 688 539 negligit.
712 500 801 529 Brut.
819 500 868 529 78.
884 497 1020 538 ingenio-

138 542 284 578 sissimus,
300 549 399 572 orator
414 544 529 572 bonus:
550 542 617 572 aliae
632 542 696 580 ejus
711 541 824 571 laudes.

183 588 238 615 sn.
267 587 352 621 Piso,
378 586 455 615 Suu.
479 588 529 614 24.
554 585 677 614 Muren.
701 585 752 614 38.
775 584 807 613 in
827 583 906 623 Tog.
923 581 1024 612 Cand.

139 627 280 658 Catilinae
303 628 410 667 socius,
435 637 568 669 quocum
589 626 701 658 caedem
716 626 910 668 optimatium
924 625 1022 655 facere

138 671 243 701 voluit.

179 714 218 743 L.
236 716 322 752 Piso,
338 714 392 755 qui
412 715 528 756 primus
544 714 652 754 Frugi
671 714 769 744 dictus
792 719 845 744 est.
862 713 951 743 Brut.
968 713 1019 744 27.

136 755 224 786 Verr.
253 756 312 793 IV,
338 759 388 787 84.
406 759 469 789 Off.
492 759 539 795 II,
559 762 609 788 21.
631 758 747 798 primus
762 757 861 796 legem
883 756 920 786 de
935 765 1020 796 repe-

136 799 239 830 tundis
264 800 344 836 tulit,
373 801 537 831 Censorino
563 806 592 831 et
616 799 747 830 Manilio
770 799 953 836 consulibus,
980 798 1020 829 A.

136 842 209 871 604.
226 843 393 873 multarum
408 844 510 884 legum
526 850 628 874 auctor
640 848 669 873 et
680 842 838 872 dissuasor.
861 841 950 872 Font.
972 843 1019 872 13.

134 894 153 914 a
171 883 207 915 C.
225 886 360 916 Graccho
380 887 478 917 multa
492 887 592 927 turpia
611 886 642 916 in
659 895 729 915 eum
749 885 837 915 dicta.
861 885 950 914 Brut.
967 885 1018 919 27.

135 926 192 957 Or.
209 926 255 966 II,
275 932 324 958 12.
347 930 485 959 Annales
507 929 634 970 scripsit,
657 934 686 958 et
705 927 862 958 orationes.
889 927 927 957 ad
944 927 1018 958 Div.

135 968 198 1008 IX,
216 974 266 1000 22.
291 982 329 1002 ex
353 973 418 1011 ejus
438 971 612 1002 Annalibus
634 971 753 1010 citatur,
780 969 884 1012 “peni
902 969 1018 1001 deditos

133 1014 230 1043 esse.'’
255 1013 372 1045 Consul
387 1015 445 1044 fuit
460 1025 539 1045 anno
555 1016 627 1045 620.

176 1057 216 1086 L.
235 1059 320 1095 Piso,
338 1058 375 1087 L.
392 1057 434 1088 ffl.
451 1059 538 1088 Verr.
556 1058 597 1096 V,
621 1059 672 1088 25.
689 1062 798 1097 praetor
815 1056 847 1086 in
864 1055 1016 1097 Hispania

133 1100 428 1137 continentissimus;
452 1101 495 1131 ibi
510 1101 695 1131 interficitur.

177 1143 217 1172 L.
236 1145 322 1179 Piso,
340 1143 427 1173 Verr.
438 1143 479 1181 V,
494 1146 544 1174 25.
562 1144 601 1174 h.
615 1143 650 1173 F.
668 1143 705 1173 L.
723 1143 766 1172 N.
783 1147 892 1183 praetor
903 1141 970 1172 fuit.
988 1148 1017 1172 et

132 1186 268 1225 quidem,
286 1186 372 1217 Verr.
391 1185 436 1224 II,
455 1188 506 1223 46,
525 1197 596 1217 cum
617 1186 722 1216 Verre.
738 1185 769 1214 in
791 1184 892 1215 Caecil.
914 1188 960 1216 19.
979 1185 1016 1215 Ρ.

133 1228 301 1259 Gabinium
317 1229 354 1259 de
369 1229 540 1270 repetundis
556 1235 674 1260 accusat
689 1228 811 1258 nomine
830 1227 962 1258 Achai'ae.

176 1272 217 1301 L.
235 1274 319 1309 Piso,
338 1274 531 1308 Cara-oniam,
548 1272 642 1301 Dom.
657 1273 687 1302 9.
702 1271 769 1311 lege
785 1269 895 1301 Clodia
910 1271 1017 1301 illace-

133 1313 256 1344 doniam
280 1315 396 1355 accipit.
419 1315 457 1344 ad
481 1315 552 1345 Div.
572 1314 632 1352 IV,
657 1316 687 1343 4.
713 1313 750 1344 C.
775 1313 901 1343 Caesaris
922 1324 1014 1351 socer,

132 1357 317 1387 mentionem
332 1358 404 1387 facit
418 1357 449 1386 in
466 1363 570 1387 senatu
586 1357 623 1386 de
643 1356 691 1387 M.
708 1356 866 1386 Marcello.
888 1356 968 1386 Phil.
986 1356 1014 1393 I,

132 1400 162 1428 4.
179 1400 362 1430 liberrimam
380 1400 544 1429 orationem
559 1399 591 1429 in
603 1405 707 1429 senatu
723 1405 825 1429 contra
839 1399 1015 1430 Antonium

131 1441 244 1477 habet;
270 1443 322 1472 sed
337 1453 407 1472 eum
423 1443 512 1483 pauci
524 1448 701 1483 sequuntur.
717 1441 755 1471 ad
770 1441 842 1471 Div.
860 1441 942 1477 XII,
959 1446 1011 1472 22.

131 1494 191 1513 non
216 1485 306 1514 audet
321 1485 351 1514 in
368 1491 506 1515 senatum
521 1486 622 1515 venire
642 1485 748 1515 timore
771 1484 907 1513 Antonii.
931 1485 1014 1515 Phil.

132 1526 227 1561 VIII,
245 1530 275 1558 9.
294 1528 337 1565 X,
363 1530 392 1557 5.
413 1527 452 1558 ad
470 1527 542 1557 Div.
559 1527 639 1565 XII,
664 1529 695 1556 4.
720 1527 838 1567 legatus
859 1527 898 1556 ad
913 1528 1012 1558 Anto-

129 1569 217 1599 nium
232 1570 270 1599 ad
286 1570 455 1607 Mutinam,
481 1570 626 1610 flagitiose
641 1570 719 1600 fecit.
744 1569 805 1599 Hic
820 1575 862 1599 est
888 1570 1012 1601 Gabinii

128 1612 159 1642 in
176 1613 333 1642 consulatu
349 1614 474 1653 collega,
499 1613 536 1643 de
551 1623 612 1653 quo
627 1613 706 1643 disce
720 1622 757 1642 ex
773 1612 828 1642 Or.
845 1612 876 1641 in
892 1614 962 1643 Sen.
977 1625 1009 1655 p.

127 1655 206 1686 Red.
223 1655 252 1690 7.
269 1662 297 1685 et
312 1655 375 1685 tota
390 1655 562 1685 Pisoniana.
580 1656 620 1686 V.
636 1662 665 1686 et
682 1656 870 1685 Ccesoninus.

167 1698 214 1727 M.
233 1699 317 1733 Piso,
333 1698 359 1727 F
362 1698 403 1728 in.
419 1699 461 1736 V,
482 1699 508 1728 l.
524 1699 600 1737 ejus,
617 1699 671 1739 qui
682 1698 829 1739 sequitur,
845 1708 928 1728 avus.

164 1741 212 1772 M.
230 1741 354 1781 Pupius
371 1742 454 1779 Piso,
474 1742 721 1780 Calpurnianus,
735 1740 829 1771 Dom.
847 1741 896 1771 13.
911 1740 1006 1784 adop-
