1122 1868
138 97 200 127 368
352 97 501 128 INDEX
524 97 810 130 HISTORICUS.

177 184 214 212 P.
231 184 389 220 Sestilz'us,
414 184 439 214 F
441 185 512 215 laec.
533 187 581 215 13.
597 190 727 225 quaestor
741 185 887 222 urbanus,
910 183 1014 215 Silano

134 231 163 255 et
179 226 313 256 Murena
329 237 402 256 coss.

175 270 212 298 P.
230 269 372 299 Se121'lt'us
390 270 506 310 Rufus.
522 270 591 299 Fin.
604 269 649 306 II,
669 270 821 305 l7.haeres
833 269 1014 307 fiduciarius,

130 310 336 342 haereditatem
353 322 413 343 non
429 313 526 343 tradit.
548 313 604 343 Est
619 313 742 344 fortasse
758 313 917 353 superioris
932 312 1014 343 illius

131 360 225 394 pater.

177 398 212 430 Q.
225 399 386 435 Sextilius,
403 398 441 428 ad
457 398 498 436 Q.
510 399 560 428 Fr.
572 398 618 435 ΙΙ,
636 401 661 429 1.
677 398 792 429 amicus
808 398 955 428 Milonis:
981 398 1013 428 in

128 450 199 470 eum
216 447 244 470 et
255 447 374 472 caeteros
390 442 518 472 Milonis
530 443 641 473 amicos
656 443 804 482 impetum
817 441 931 471 faciunt
942 451 1014 481 ope-

128 493 169 512 rae
184 483 352 521 Clodianae,
368 495 437 515 cum
453 496 471 514 a
494 485 613 515 Milone
636 485 672 515 de
688 484 718 514 vi
738 495 805 514 reus
825 484 921 514 factus
938 484 1012 514 Clo-

130 525 197 555 dius
213 533 296 556 esset.

171 570 302 607 Samius,
322 569 410 600 Verr.
428 569 488 607 VI,
506 573 556 601 43.
574 572 624 600 45.
641 570 728 600 lictor
745 567 782 600 C.
797 569 902 600 Verris
916 569 948 599 in
964 570 1012 601 Si-

127 611 205 641 cilia.

169 656 200 685 C.
219 656 341 685 Senius
359 657 519 693 Calvinus,
542 657 631 686 Brut.
653 656 704 685 34.
720 661 818 686 orator
832 657 942 693 bonus,
959 655 1012 686 sed

123 696 316 727 incommodi.
332 699 511 729 valetudine.
535 699 661 739 Pighius
674 709 742 728 eum
756 699 893 739 putabat,
907 699 960 739 qui
972 709 1010 729 ex

124 740 266 779 praetura,
280 751 373 780 quam
389 742 428 771 A.
446 743 508 773 654
524 742 626 782 gessit,
643 741 855 771 Macedoniam
868 742 1009 772 obtinuit.

123 782 226 811 Pison.
243 786 295 812 34.
320 784 379 814 Sed
397 785 450 822 ibi,
467 786 499 815 in
514 785 688 815 melioribus
698 784 793 821 libris,
804 794 864 814 non
874 785 1006 821 Sextius,

124 825 175 854 sed
203 827 484 868 Sentz·ns‚1ega·tur;
518 839 586 869 quae
613 827 737 857 nomina
759 827 850 857 etiam
869 827 901 857 in
923 827 1008 858 codd.

126 866 241 898 Catulli
257 877 478 909 permutantur.
501 871 592 901 Voss.
610 870 648 900 ad
671 870 784 901 Catull.
807 881 837 910 p.
860 873 926 900 103.
950 870 1007 901 Or.

125 909 172 947 ΙΙ,
196 915 246 941 60.
273 913 308 942 C.
325 913 404 943 Julii
421 914 546 944 Caesaris
561 913 728 951 familiaris,
743 913 854 943 luscus.
879 913 1007 943 Dictum

122 954 188 992 ejuq
204 955 234 984 in
253 955 401 995 Appium.

166 998 206 1027 L.
225 1000 358 1036 Sestius,
380 1005 465 1040 pater
489 1000 525 1029 P.
542 999 637 1030 Sextii
657 999 694 1029 de
709 998 739 1028 vi
753 999 892 1029 accusati.
923 999 1007 1030 Sext.

121 1043 152 1069 3.
170 1040 237 1070 trib.
255 1042 296 1081 pl.
312 1042 381 1079 fuit,
399 1043 488 1072 altius
503 1042 680 1072 adwendere
695 1042 802 1071 noluit.

166 1085 206 1113 L.
224 1086 357 1121 Seuius,
375 1085 413 1115 ad.
424 1085 495 1115 Div.
506 1085 606 1123 XIII,
621 1088 649 1114 8.
669 1085 705 1114 P.
716 1084 811 1115 Sextii
823 1085 862 1115 L.
872 1085 909 1115 F.
925 1085 1007 1115 filius

123 1136 161 1156 ex
180 1127 290 1157 Albini
305 1128 378 1158 filia.

165 1170 205 1199 L.
221 1172 344 1200 Seuius
361 1173 484 1207 Pansa,
501 1171 539 1201 ad
554 1170 595 1208 Q.
613 1171 663 1200 Fr.
680 1170 728 1207 ΙΙ,
749 1173 797 1200 ll.
818 1170 883 1209 ejus
897 1177 1004 1211 postu-

119 1212 226 1242 lationi
241 1214 349 1244 resistit
364 1214 405 1251 Q.
423 1215 538 1250 Cicero,
551 1214 635 1244 Asiae
650 1220 768 1254 praetor.

164 1257 203 1285 P.
220 1258 351 1294 Sextius,
373 1258 462 1287 Brut.
477 1258 527 1287 48.
548 1262 657 1297 praetor
677 1255 850 1296 designatus
866 1256 910 1287 A.
929 1257 1004 1295 653,

121 1306 279 1329 accusante
296 1300 335 1329 Τ.
351 1300 374 1330 J
378 1301 449 1330 unio
465 1300 502 1330 L.
519 1300 555 1330 F.
572 1300 734 1329 damnatus
747 1305 802 1329 est.

164 1343 201 1371 P.
214 1344 346 1379 Seuius,
362 1343 396 1372 P.
411 1343 447 1373 F.
460 1343 498 1373 ad
510 1343 582 1372 Div.
594 1343 635 1379 V,
651 1343 700 1376 17.
713 1342 840 1372 exsulat.
863 1341 1006 1380 Quaestor

118 1383 178 1415 fuit
191 1385 230 1414 A.
247 1386 320 1421 695.
337 1393 366 1416 et
383 1393 451 1427 post
466 1386 570 1416 aedilis.
595 1385 715 1416 Habuit
730 1384 823 1421 enim,
839 1390 874 1414 ut
893 1395 931 1415 ex
946 1385 1003 1416 loc.

118 1426 167 1456 cit.
184 1427 312 1469 intelligi
328 1435 434 1469 potest,
448 1438 576 1459 annonae
587 1439 702 1465 curam,
713 1438 783 1469 quae
799 1433 842 1458 est
857 1427 1003 1459 aedilium.

118 1469 203 1500 Eum
229 1471 333 1502 Cicero
357 1472 482 1512 epistolii
501 1472 550 1502 cit.
575 1472 752 1502 consolatur.
788 1470 823 1500 P.
840 1470 947 1508 Sextii,
965 1470 1003 1501 de

119 1522 180 1552 quo
196 1514 309 1551 statim,
325 1515 504 1554 patruelem,
520 1515 728 1556 propinquum
743 1520 831 1551 certe,
847 1513 948 1548 fuisse,
964 1523 1002 1543 ex

118 1554 222 1585 effidem
238 1557 363 1596 epistol-52
378 1564 511 1598 apparet.

163 1599 201 1627 P.
226 1601 357 1636 Senias,
382 1601 420 1631 L.
444 1601 480 1630 F.
504 1601 586 1631 Sext.
611 1601 640 1630 3.
658 1599 693 1629 C.
711 1599 821 1630 Albini
843 1604 873 1628 et
894 1598 1002 1629 deinde

120 1639 156 1671 C.
173 1641 322 1682 Scipionis
342 1653 468 1673 uxorem
484 1644 582 1673 duxit.
606 1643 695 1673 Catil.
713 1642 740 1679 Ι,
760 1643 789 1672 8.
816 1641 887 1672 Div.
906 1641 947 1679 V,
969 1643 999 1672 6.

117 1691 302 1724 proquaestor
326 1685 361 1715 C.
378 1686 507 1716 Antonii
528 1686 560 1715 in
584 1685 774 1716 Macedonia.
797 1684 837 1714 ad
855 1684 944 1721 Quir.
967 1695 999 1725 p.

119 1727 159 1756 R.
176 1728 205 1756 6.
221 1727 251 1756 in
269 1730 368 1758 Senat.
387 1729 416 1757 8.
439 1730 507 1758 Att.
522 1728 586 1765 ΙΙΙ,
598 1730 648 1759 20.
662 1728 801 1758 tribunus
812 1727 855 1768 pl.
869 1727 1002 1758 Lentulo

119 1769 278 1810 Spinthere
293 1771 426 1807 consule,
440 1772 549 1811 cogitat
564 1772 602 1802 de
617 1771 759 1803 Cicerone
773 1770 860 1809 ferre,
876 1769 927 1801 sed
949 1781 1005 1805 ue-
