<?xml version="1.0" encoding="UTF-8"?>
<!DOCTYPE html PUBLIC "-//W3C//DTD XHTML 1.0 Transitional//EN"
    "http://www.w3.org/TR/xhtml1/DTD/xhtml1-transitional.dtd">
<html xmlns="http://www.w3.org/1999/xhtml" xml:lang="en" lang="en">
 <head>
  <title>
</title>
<meta http-equiv="Content-Type" content="text/html;charset=utf-8" />
  <meta name='ocr-system' content='tesseract 3.04.00' />
  <meta name='ocr-capabilities' content='ocr_page ocr_carea ocr_par ocr_line ocrx_word'/>
</head>
<body>
  <div class='ocr_page' id='page_1' title='image "./operaern12ciceuoft_0488.png"; bbox 0 0 1122 1868; ppageno 0'>
   <div class='ocr_carea' id='block_1_1' title="bbox 103 81 838 118">
    <p class='ocr_par' dir='ltr' id='par_1_1' title="bbox 103 81 838 118">
     <span class='ocr_line' id='line_1_1' title="bbox 103 81 838 118; baseline 0.005 -8"><span class='ocrx_word' id='word_1_1' title='bbox 103 81 165 111; x_wconf 73' lang='lat'><strong>476</strong></span> <span class='ocrx_word' id='word_1_2' title='bbox 269 81 417 112; x_wconf 85' lang='lat' dir='ltr'>INDEX</span> <span class='ocrx_word' id='word_1_3' title='bbox 441 82 838 118; x_wconf 60' lang='lat' dir='ltr'><strong>GR.1Eco-14AT1NUS;</strong></span> 
     </span>
    </p>
   </div>
   <div class='ocr_carea' id='block_1_2' title="bbox 73 166 990 1797">
    <p class='ocr_par' dir='ltr' id='par_1_2' title="bbox 79 166 990 1707">
     <span class='ocr_line' id='line_1_2' title="bbox 101 166 988 210; baseline 0.006 -15"><span class='ocrx_word' id='word_1_4' title='bbox 101 166 258 206; x_wconf 77' lang='lat' dir='ltr'>ingenium</span> <span class='ocrx_word' id='word_1_5' title='bbox 284 173 313 197; x_wconf 89' lang='lat' dir='ltr'><strong>et</strong></span> <span class='ocrx_word' id='word_1_6' title='bbox 333 168 536 208; x_wconf 74' lang='lat' dir='ltr'><strong>eloquentiam</strong></span> <span class='ocrx_word' id='word_1_7' title='bbox 557 169 670 208; x_wconf 87' lang='lat' dir='ltr'><strong>jactare</strong></span> <span class='ocrx_word' id='word_1_8' title='bbox 684 169 764 206; x_wconf 78' lang='lat' dir='ltr'><strong>licet,</strong></span> <span class='ocrx_word' id='word_1_9' title='bbox 785 179 879 210; x_wconf 89' lang='lat' dir='ltr'><strong>quam</strong></span> <span class='ocrx_word' id='word_1_10' title='bbox 894 170 927 199; x_wconf 90' lang='lat' dir='ltr'><strong>in</strong></span> <span class='ocrx_word' id='word_1_11' title='bbox 942 170 988 200; x_wconf 87' lang='lat' dir='ltr'><strong>fo-</strong></span> 
     </span>
     <span class='ocr_line' id='line_1_3' title="bbox 100 209 990 253; baseline 0.006 -15"><span class='ocrx_word' id='word_1_12' title='bbox 100 209 236 240; x_wconf 81' lang='lat' dir='ltr'>rensibus</span> <span class='ocrx_word' id='word_1_13' title='bbox 251 210 445 247; x_wconf 82' lang='lat' dir='ltr'><strong>orationibus,</strong></span> <span class='ocrx_word' id='word_1_14' title='bbox 462 218 515 242; x_wconf 85' lang='lat' dir='ltr'><strong>aut</strong></span> <span class='ocrx_word' id='word_1_15' title='bbox 529 211 560 241; x_wconf 90' lang='lat' dir='ltr'><strong>in</strong></span> <span class='ocrx_word' id='word_1_16' title='bbox 576 212 729 242; x_wconf 79' lang='lat' dir='ltr'><strong>sententiis</strong></span> <span class='ocrx_word' id='word_1_17' title='bbox 743 213 781 243; x_wconf 91' lang='lat' dir='ltr'><strong>de</strong></span> <span class='ocrx_word' id='word_1_18' title='bbox 795 223 827 243; x_wconf 91' lang='lat' dir='ltr'><strong>re</strong></span> <span class='ocrx_word' id='word_1_19' title='bbox 841 213 926 253; x_wconf 80' lang='lat' dir='ltr'><strong>gravi</strong></span> <span class='ocrx_word' id='word_1_20' title='bbox 941 212 990 243; x_wconf 91' lang='lat' dir='ltr'><strong>di-</strong></span> 
     </span>
     <span class='ocr_line' id='line_1_4' title="bbox 100 252 986 295; baseline 0.005 -14"><span class='ocrx_word' id='word_1_21' title='bbox 100 252 213 289; x_wconf 86' lang='lat' dir='ltr'><strong>cendis,</strong></span> <span class='ocrx_word' id='word_1_22' title='bbox 243 263 262 282; x_wconf 90' lang='lat' dir='ltr'>a</span> <span class='ocrx_word' id='word_1_23' title='bbox 291 253 402 293; x_wconf 87' lang='lat' dir='ltr'><strong>quibus</strong></span> <span class='ocrx_word' id='word_1_24' title='bbox 431 254 545 295; x_wconf 83' lang='lat' dir='ltr'><strong>quippe</strong></span> <span class='ocrx_word' id='word_1_25' title='bbox 579 255 636 285; x_wconf 80' lang='lat' dir='ltr'><strong>ista</strong></span> <span class='ocrx_word' id='word_1_26' title='bbox 664 255 800 285; x_wconf 83' lang='lat' dir='ltr'><strong>flexuum</strong></span> <span class='ocrx_word' id='word_1_27' title='bbox 831 255 986 294; x_wconf 76' lang='lat' dir='ltr'><strong>mollities,</strong></span> 
     </span>
     <span class='ocr_line' id='line_1_5' title="bbox 101 295 986 338; baseline 0.006 -15"><span class='ocrx_word' id='word_1_28' title='bbox 101 295 240 334; x_wconf 75' lang='lat' dir='ltr'><strong>quamvis</strong></span> <span class='ocrx_word' id='word_1_29' title='bbox 266 295 395 333; x_wconf 81' lang='lat' dir='ltr'><strong>modica,</strong></span> <span class='ocrx_word' id='word_1_30' title='bbox 412 304 514 327; x_wconf 89' lang='lat' dir='ltr'><strong>tamen</strong></span> <span class='ocrx_word' id='word_1_31' title='bbox 538 299 640 328; x_wconf 84' lang='lat' dir='ltr'><strong>abesse</strong></span> <span class='ocrx_word' id='word_1_32' title='bbox 664 298 763 335; x_wconf 87' lang='lat' dir='ltr'><strong>debet,</strong></span> <span class='ocrx_word' id='word_1_33' title='bbox 780 298 916 329; x_wconf 61' lang='lat' dir='ltr'><strong>adhibita</strong></span> <span class='ocrx_word' id='word_1_34' title='bbox 931 308 986 338; x_wconf 90' lang='lat' dir='ltr'><strong>po-</strong></span> 
     </span>
     <span class='ocr_line' id='line_1_6' title="bbox 100 337 985 381; baseline 0.006 -15"><span class='ocrx_word' id='word_1_35' title='bbox 100 338 160 367; x_wconf 88' lang='lat' dir='ltr'><strong>tius</strong></span> <span class='ocrx_word' id='word_1_36' title='bbox 175 338 229 367; x_wconf 55' lang='lat' dir='ltr'><strong>illa</strong></span> <span class='ocrx_word' id='word_1_37' title='bbox 241 337 394 377; x_wconf 76' lang='lat' dir='ltr'><strong>judiciali</strong></span> <span class='ocrx_word' id='word_1_38' title='bbox 415 341 589 379; x_wconf 71' lang='lat' dir='ltr'><strong>asperitate,</strong></span> <span class='ocrx_word' id='word_1_39' title='bbox 605 351 698 381; x_wconf 86' lang='lat' dir='ltr'><strong>quam</strong></span> <span class='ocrx_word' id='word_1_40' title='bbox 716 341 820 371; x_wconf 88' lang='lat' dir='ltr'><strong>Cicero</strong></span> <span class='ocrx_word' id='word_1_41' title='bbox 835 348 931 378; x_wconf 85' lang='lat' dir='ltr'><strong>vocat,</strong></span> <span class='ocrx_word' id='word_1_42' title='bbox 948 341 985 371; x_wconf 89' lang='lat' dir='ltr'><strong>de</strong></span> 
     </span>
     <span class='ocr_line' id='line_1_7' title="bbox 99 380 986 424; baseline 0.005 -15"><span class='ocrx_word' id='word_1_43' title='bbox 99 380 187 410; x_wconf 83' lang='lat' dir='ltr'>Orat.</span> <span class='ocrx_word' id='word_1_44' title='bbox 200 381 247 417; x_wconf 87' lang='grc' dir='ltr'><strong>ΙΙ,</strong></span> <span class='ocrx_word' id='word_1_45' title='bbox 269 384 316 412; x_wconf 87' lang='lat'><strong>15.</strong></span> <span class='ocrx_word' id='word_1_46' title='bbox 347 385 540 421; x_wconf 65' lang='grc' dir='ltr'>Ενὲυμηματα</span> <span class='ocrx_word' id='word_1_47' title='bbox 556 393 616 413; x_wconf 88' lang='lat' dir='ltr'><strong>non</strong></span> <span class='ocrx_word' id='word_1_48' title='bbox 631 390 714 419; x_wconf 80' lang='lat' dir='ltr'><strong>sunt,</strong></span> <span class='ocrx_word' id='word_1_49' title='bbox 732 395 801 424; x_wconf 86' lang='lat' dir='ltr'><strong>quae</strong></span> <span class='ocrx_word' id='word_1_50' title='bbox 815 384 986 415; x_wconf 78' lang='lat' dir='ltr'><strong>recentiori-</strong></span> 
     </span>
     <span class='ocr_line' id='line_1_8' title="bbox 99 423 983 467; baseline 0.007 -15"><span class='ocrx_word' id='word_1_51' title='bbox 99 424 155 453; x_wconf 86' lang='lat' dir='ltr'><strong>bus</strong></span> <span class='ocrx_word' id='word_1_52' title='bbox 170 423 331 455; x_wconf 82' lang='lat' dir='ltr'><strong>dialecticis</strong></span> <span class='ocrx_word' id='word_1_53' title='bbox 353 425 506 463; x_wconf 81' lang='lat' dir='ltr'><strong>dicuntur,</strong></span> <span class='ocrx_word' id='word_1_54' title='bbox 530 432 615 466; x_wconf 87' lang='lat' dir='ltr'><strong>parte</strong></span> <span class='ocrx_word' id='word_1_55' title='bbox 635 425 766 467; x_wconf 58' lang='lat' dir='ltr'><strong>quadam</strong></span> <span class='ocrx_word' id='word_1_56' title='bbox 783 427 838 457; x_wconf 59' lang='lat' dir='ltr'><strong>suit</strong></span> <span class='ocrx_word' id='word_1_57' title='bbox 852 427 983 457; x_wconf 81' lang='lat' dir='ltr'><strong>truncati</strong></span> 
     </span>
     <span class='ocr_line' id='line_1_9' title="bbox 98 466 983 509; baseline 0.006 -14"><span class='ocrx_word' id='word_1_58' title='bbox 98 466 278 506; x_wconf 81' lang='lat' dir='ltr'><strong>syllogismi,</strong></span> <span class='ocrx_word' id='word_1_59' title='bbox 309 467 360 497; x_wconf 88' lang='lat' dir='ltr'><strong>sed</strong></span> <span class='ocrx_word' id='word_1_60' title='bbox 389 468 521 509; x_wconf 84' lang='lat' dir='ltr'><strong>antiquis</strong></span> <span class='ocrx_word' id='word_1_61' title='bbox 550 469 718 499; x_wconf 87' lang='lat' dir='ltr'><strong>rhetoribus</strong></span> <span class='ocrx_word' id='word_1_62' title='bbox 744 470 900 500; x_wconf 85' lang='lat' dir='ltr'><strong>celebratae</strong></span> <span class='ocrx_word' id='word_1_63' title='bbox 922 469 983 499; x_wconf 81' lang='lat' dir='ltr'><strong>illae</strong></span> 
     </span>
     <span class='ocr_line' id='line_1_10' title="bbox 96 509 983 553; baseline 0.007 -16"><span class='ocrx_word' id='word_1_64' title='bbox 96 509 262 547; x_wconf 68' lang='lat' dir='ltr'><strong>sententiae,</strong></span> <span class='ocrx_word' id='word_1_65' title='bbox 275 521 292 540; x_wconf 91' lang='lat' dir='ltr'><strong>e</strong></span> <span class='ocrx_word' id='word_1_66' title='bbox 306 511 460 541; x_wconf 82' lang='lat' dir='ltr'><strong>contrariis</strong></span> <span class='ocrx_word' id='word_1_67' title='bbox 476 512 635 547; x_wconf 63' lang='lat' dir='ltr'><strong>conclusae,</strong></span> <span class='ocrx_word' id='word_1_68' title='bbox 651 523 731 552; x_wconf 79' lang='lat' dir='ltr'><strong>quae,</strong></span> <span class='ocrx_word' id='word_1_69' title='bbox 748 519 870 553; x_wconf 89' lang='lat' dir='ltr'><strong>propter</strong></span> <span class='ocrx_word' id='word_1_70' title='bbox 884 512 983 543; x_wconf 90' lang='lat' dir='ltr'><strong>brevi-</strong></span> 
     </span>
     <span class='ocr_line' id='line_1_11' title="bbox 95 553 984 596; baseline 0.004 -15"><span class='ocrx_word' id='word_1_71' title='bbox 95 557 189 581; x_wconf 78' lang='lat' dir='ltr'><strong>tatem</strong></span> <span class='ocrx_word' id='word_1_72' title='bbox 205 558 234 582; x_wconf 81' lang='lat' dir='ltr'><strong>et</strong></span> <span class='ocrx_word' id='word_1_73' title='bbox 254 553 411 590; x_wconf 84' lang='lat' dir='ltr'><strong>contraria,</strong></span> <span class='ocrx_word' id='word_1_74' title='bbox 437 564 563 584; x_wconf 84' lang='lat' dir='ltr'><strong>acumen</strong></span> <span class='ocrx_word' id='word_1_75' title='bbox 589 554 713 595; x_wconf 76' lang='lat' dir='ltr'><strong>aliquod</strong></span> <span class='ocrx_word' id='word_1_76' title='bbox 738 555 862 590; x_wconf 82' lang='lat' dir='ltr'><strong>habent,</strong></span> <span class='ocrx_word' id='word_1_77' title='bbox 885 555 984 596; x_wconf 86' lang='lat' dir='ltr'><strong>qualis</strong></span> 
     </span>
     <span class='ocr_line' id='line_1_12' title="bbox 95 594 980 636; baseline 0.003 -12"><span class='ocrx_word' id='word_1_78' title='bbox 95 601 138 624; x_wconf 85' lang='lat' dir='ltr'><strong>est</strong></span> <span class='ocrx_word' id='word_1_79' title='bbox 147 594 200 624; x_wconf 77' lang='lat' dir='ltr'><strong>issa</strong></span> <span class='ocrx_word' id='word_1_80' title='bbox 215 595 355 626; x_wconf 85' lang='lat' dir='ltr'><strong>Horatii:</strong></span> <span class='ocrx_word' id='word_1_81' title='bbox 383 599 404 614; x_wconf 68' lang='lat'><strong>‘⁶</strong></span> <span class='ocrx_word' id='word_1_82' title='bbox 424 598 491 627; x_wconf 77' lang='lat' dir='ltr'><strong>Cur</strong></span> <span class='ocrx_word' id='word_1_83' title='bbox 506 603 602 636; x_wconf 75' lang='lat' dir='ltr'><strong>optas,</strong></span> <span class='ocrx_word' id='word_1_84' title='bbox 620 599 699 636; x_wconf 79' lang='lat' dir='ltr'><strong>quod</strong></span> <span class='ocrx_word' id='word_1_85' title='bbox 713 599 803 628; x_wconf 79' lang='lat' dir='ltr'><strong>habes</strong></span> <span class='ocrx_word' id='word_1_86' title='bbox 816 598 855 627; x_wconf 50' lang='grc' dir='ltr'><strong>ἴθ’</strong></span> <span class='ocrx_word' id='word_1_87' title='bbox 871 599 934 629; x_wconf 76' lang='lat' dir='ltr'><strong>Sat.</strong></span> <span class='ocrx_word' id='word_1_88' title='bbox 952 597 980 635; x_wconf 89' lang='lat' dir='ltr'><strong>I,</strong></span> 
     </span>
     <span class='ocr_line' id='line_1_13' title="bbox 93 638 983 682; baseline 0.006 -16"><span class='ocrx_word' id='word_1_89' title='bbox 93 638 125 673; x_wconf 71' lang='grc'><strong>3,</strong></span> <span class='ocrx_word' id='word_1_90' title='bbox 147 639 214 668; x_wconf 77' lang='lat'>126.</span> <span class='ocrx_word' id='word_1_91' title='bbox 242 639 316 668; x_wconf 81' lang='lat' dir='ltr'><strong>Alia</strong></span> <span class='ocrx_word' id='word_1_92' title='bbox 339 640 480 679; x_wconf 78' lang='lat' dir='ltr'><strong>exempla</strong></span> <span class='ocrx_word' id='word_1_93' title='bbox 499 640 703 680; x_wconf 84' lang='lat' dir='ltr'><strong>suppeditabit</strong></span> <span class='ocrx_word' id='word_1_94' title='bbox 719 641 823 671; x_wconf 88' lang='lat' dir='ltr'><strong>Cicero</strong></span> <span class='ocrx_word' id='word_1_95' title='bbox 838 641 869 671; x_wconf 83' lang='lat' dir='ltr'><strong>in</strong></span> <span class='ocrx_word' id='word_1_96' title='bbox 886 641 983 682; x_wconf 90' lang='lat' dir='ltr'><strong>Topi-</strong></span> 
     </span>
     <span class='ocr_line' id='line_1_14' title="bbox 94 680 982 724; baseline 0.006 -15"><span class='ocrx_word' id='word_1_97' title='bbox 94 680 146 717; x_wconf 85' lang='lat' dir='ltr'><strong>cis,</strong></span> <span class='ocrx_word' id='word_1_98' title='bbox 157 691 182 710; x_wconf 86' lang='lat' dir='ltr'><strong>c.</strong></span> <span class='ocrx_word' id='word_1_99' title='bbox 201 684 246 711; x_wconf 82' lang='grc'><strong>13.</strong></span> <span class='ocrx_word' id='word_1_100' title='bbox 272 681 349 711; x_wconf 68' lang='grc' dir='ltr'><strong>Υἰάε</strong></span> <span class='ocrx_word' id='word_1_101' title='bbox 364 681 401 711; x_wconf 88' lang='lat' dir='ltr'><strong>de</strong></span> <span class='ocrx_word' id='word_1_102' title='bbox 412 682 469 712; x_wconf 89' lang='lat' dir='ltr'><strong>hoc</strong></span> <span class='ocrx_word' id='word_1_103' title='bbox 480 693 589 722; x_wconf 83' lang='lat' dir='ltr'><strong>genere</strong></span> <span class='ocrx_word' id='word_1_104' title='bbox 604 683 820 713; x_wconf 80' lang='lat' dir='ltr'><strong>sententiarum</strong></span> <span class='ocrx_word' id='word_1_105' title='bbox 831 684 982 724; x_wconf 81' lang='lat' dir='ltr'><strong>imprimis</strong></span> 
     </span>
     <span class='ocr_line' id='line_1_15' title="bbox 93 722 979 767; baseline 0.003 -15"><span class='ocrx_word' id='word_1_106' title='bbox 93 722 311 761; x_wconf 67' lang='lat' dir='ltr'><strong>Fasciolatum,</strong></span> <span class='ocrx_word' id='word_1_107' title='bbox 334 724 365 754; x_wconf 89' lang='lat' dir='ltr'><strong>in</strong></span> <span class='ocrx_word' id='word_1_108' title='bbox 389 725 516 755; x_wconf 88' lang='lat' dir='ltr'><strong>Acroasi</strong></span> <span class='ocrx_word' id='word_1_109' title='bbox 533 725 562 763; x_wconf 73' lang='grc' dir='ltr'><strong>Ι,</strong></span> <span class='ocrx_word' id='word_1_110' title='bbox 585 725 622 756; x_wconf 91' lang='lat' dir='ltr'><strong>de</strong></span> <span class='ocrx_word' id='word_1_111' title='bbox 646 726 894 767; x_wconf 84' lang='lat' dir='ltr'><strong>Enthymemate.</strong></span> <span class='ocrx_word' id='word_1_112' title='bbox 920 732 979 756; x_wconf 84' lang='grc' dir='ltr'><strong>Κα-</strong></span> 
     </span>
     <span class='ocr_line' id='line_1_16' title="bbox 92 768 978 810; baseline 0.008 -17"><span class='ocrx_word' id='word_1_113' title='bbox 92 778 220 800; x_wconf 75' lang='grc' dir='ltr'>τασκευη</span> <span class='ocrx_word' id='word_1_114' title='bbox 238 773 351 804; x_wconf 79' lang='lat' dir='ltr'><strong>aut-em,</strong></span> <span class='ocrx_word' id='word_1_115' title='bbox 369 768 422 797; x_wconf 86' lang='lat' dir='ltr'><strong>etsi</strong></span> <span class='ocrx_word' id='word_1_116' title='bbox 439 778 500 798; x_wconf 88' lang='lat' dir='ltr'><strong>non</strong></span> <span class='ocrx_word' id='word_1_117' title='bbox 516 769 654 798; x_wconf 86' lang='lat' dir='ltr'><strong>eamdem</strong></span> <span class='ocrx_word' id='word_1_118' title='bbox 674 779 791 810; x_wconf 86' lang='lat' dir='ltr'><strong>semper</strong></span> <span class='ocrx_word' id='word_1_119' title='bbox 813 770 895 810; x_wconf 88' lang='lat' dir='ltr'><strong>apud</strong></span> <span class='ocrx_word' id='word_1_120' title='bbox 910 769 978 800; x_wconf 84' lang='lat' dir='ltr'><strong>rhe-</strong></span> 
     </span>
     <span class='ocr_line' id='line_1_17' title="bbox 91 809 978 853; baseline 0.006 -16"><span class='ocrx_word' id='word_1_121' title='bbox 91 814 167 838; x_wconf 81' lang='lat' dir='ltr'><strong>tores</strong></span> <span class='ocrx_word' id='word_1_122' title='bbox 186 809 248 838; x_wconf 82' lang='lat' dir='ltr'><strong>vim</strong></span> <span class='ocrx_word' id='word_1_123' title='bbox 264 809 366 848; x_wconf 86' lang='lat' dir='ltr'><strong>habet,</strong></span> <span class='ocrx_word' id='word_1_124' title='bbox 383 817 486 841; x_wconf 83' lang='lat' dir='ltr'><strong>tamen</strong></span> <span class='ocrx_word' id='word_1_125' title='bbox 510 821 570 841; x_wconf 91' lang='lat' dir='ltr'><strong>non</strong></span> <span class='ocrx_word' id='word_1_126' title='bbox 594 811 723 842; x_wconf 89' lang='lat' dir='ltr'><strong>dubium</strong></span> <span class='ocrx_word' id='word_1_127' title='bbox 738 813 815 842; x_wconf 89' lang='lat' dir='ltr'><strong>mihi</strong></span> <span class='ocrx_word' id='word_1_128' title='bbox 830 819 886 849; x_wconf 71' lang='lat' dir='ltr'><strong>est,</strong></span> <span class='ocrx_word' id='word_1_129' title='bbox 903 812 978 853; x_wconf 85' lang='lat' dir='ltr'><strong>quin</strong></span> 
     </span>
     <span class='ocr_line' id='line_1_18' title="bbox 88 851 977 896; baseline 0.006 -16"><span class='ocrx_word' id='word_1_130' title='bbox 88 851 144 880; x_wconf 88' lang='lat' dir='ltr'><strong>hoc</strong></span> <span class='ocrx_word' id='word_1_131' title='bbox 159 851 224 881; x_wconf 88' lang='lat' dir='ltr'><strong>loco</strong></span> <span class='ocrx_word' id='word_1_132' title='bbox 240 852 356 882; x_wconf 86' lang='lat' dir='ltr'><strong>dicatur</strong></span> <span class='ocrx_word' id='word_1_133' title='bbox 372 855 563 895; x_wconf 60' lang='lat' dir='ltr'><strong>confirmatio</strong></span> <span class='ocrx_word' id='word_1_134' title='bbox 585 854 719 894; x_wconf 72' lang='lat' dir='ltr'><strong>alicujus</strong></span> <span class='ocrx_word' id='word_1_135' title='bbox 738 857 794 893; x_wconf 82' lang='lat' dir='ltr'><strong>rei,</strong></span> <span class='ocrx_word' id='word_1_136' title='bbox 813 855 977 896; x_wconf 84' lang='lat' dir='ltr'><strong>(Quintili-</strong></span> 
     </span>
     <span class='ocr_line' id='line_1_19' title="bbox 89 892 976 939; baseline 0.008 -17"><span class='ocrx_word' id='word_1_137' title='bbox 89 903 138 923; x_wconf 86' lang='lat' dir='ltr'><strong>an.</strong></span> <span class='ocrx_word' id='word_1_138' title='bbox 152 892 198 931; x_wconf 85' lang='grc' dir='ltr'><strong>ΙΙ,</strong></span> <span class='ocrx_word' id='word_1_139' title='bbox 208 894 244 934; x_wconf 81' lang='lat'><strong>4)</strong></span> <span class='ocrx_word' id='word_1_140' title='bbox 260 906 329 935; x_wconf 88' lang='lat' dir='ltr'><strong>quae</strong></span> <span class='ocrx_word' id='word_1_141' title='bbox 344 902 373 926; x_wconf 91' lang='lat' dir='ltr'><strong>et</strong></span> <span class='ocrx_word' id='word_1_142' title='bbox 388 897 653 938; x_wconf 84' lang='lat' dir='ltr'><strong>amplificationem</strong></span> <span class='ocrx_word' id='word_1_143' title='bbox 669 899 888 939; x_wconf 80' lang='lat' dir='ltr'><strong>complectitur,</strong></span> <span class='ocrx_word' id='word_1_144' title='bbox 905 908 976 928; x_wconf 91' lang='lat' dir='ltr'><strong>cum</strong></span> 
     </span>
     <span class='ocr_line' id='line_1_20' title="bbox 88 937 976 981; baseline 0.007 -16"><span class='ocrx_word' id='word_1_145' title='bbox 88 937 198 967; x_wconf 80' lang='lat' dir='ltr'><strong>alimus</strong></span> <span class='ocrx_word' id='word_1_146' title='bbox 227 945 419 978; x_wconf 86' lang='lat' dir='ltr'><strong>argumenta,</strong></span> <span class='ocrx_word' id='word_1_147' title='bbox 445 940 527 980; x_wconf 90' lang='lat' dir='ltr'><strong>quod</strong></span> <span class='ocrx_word' id='word_1_148' title='bbox 552 940 693 981; x_wconf 81' lang='lat' dir='ltr'><strong>Longino</strong></span> <span class='ocrx_word' id='word_1_149' title='bbox 717 948 830 980; x_wconf 64' lang='grc' dir='ltr'><strong>τρεφειν</strong></span> <span class='ocrx_word' id='word_1_150' title='bbox 855 941 976 978; x_wconf 89' lang='lat' dir='ltr'><strong>dicitur,</strong></span> 
     </span>
     <span class='ocr_line' id='line_1_21' title="bbox 87 980 976 1024; baseline 0.006 -15"><span class='ocrx_word' id='word_1_151' title='bbox 87 990 158 1009; x_wconf 86' lang='lat' dir='ltr'><strong>cum</strong></span> <span class='ocrx_word' id='word_1_152' title='bbox 171 980 334 1011; x_wconf 81' lang='lat' dir='ltr'><strong>dilatamus</strong></span> <span class='ocrx_word' id='word_1_153' title='bbox 346 992 411 1012; x_wconf 86' lang='lat' dir='ltr'><strong>rem</strong></span> <span class='ocrx_word' id='word_1_154' title='bbox 426 989 455 1013; x_wconf 91' lang='lat' dir='ltr'><strong>et</strong></span> <span class='ocrx_word' id='word_1_155' title='bbox 471 994 618 1024; x_wconf 85' lang='lat' dir='ltr'><strong>augemus</strong></span> <span class='ocrx_word' id='word_1_156' title='bbox 634 984 718 1014; x_wconf 89' lang='lat' dir='ltr'><strong>omni</strong></span> <span class='ocrx_word' id='word_1_157' title='bbox 730 984 854 1020; x_wconf 85' lang='lat' dir='ltr'><strong>ratione,</strong></span> <span class='ocrx_word' id='word_1_158' title='bbox 871 990 907 1014; x_wconf 89' lang='lat' dir='ltr'><strong>ut</strong></span> <span class='ocrx_word' id='word_1_159' title='bbox 920 994 976 1014; x_wconf 90' lang='lat' dir='ltr'><strong>au-</strong></span> 
     </span>
     <span class='ocr_line' id='line_1_22' title="bbox 88 1022 975 1067; baseline 0.007 -16"><span class='ocrx_word' id='word_1_160' title='bbox 88 1022 166 1052; x_wconf 82' lang='lat' dir='ltr'><strong>ditor</strong></span> <span class='ocrx_word' id='word_1_161' title='bbox 181 1024 243 1053; x_wconf 82' lang='lat' dir='ltr'><strong>vim</strong></span> <span class='ocrx_word' id='word_1_162' title='bbox 259 1023 301 1054; x_wconf 90' lang='lat' dir='ltr'><strong>rei</strong></span> <span class='ocrx_word' id='word_1_163' title='bbox 316 1032 369 1054; x_wconf 87' lang='lat' dir='ltr'><strong>aut</strong></span> <span class='ocrx_word' id='word_1_164' title='bbox 381 1027 553 1066; x_wconf 82' lang='lat' dir='ltr'><strong>argumenti</strong></span> <span class='ocrx_word' id='word_1_165' title='bbox 568 1027 677 1067; x_wconf 82' lang='lat' dir='ltr'><strong>capiat,</strong></span> <span class='ocrx_word' id='word_1_166' title='bbox 700 1027 731 1056; x_wconf 88' lang='lat' dir='ltr'><strong>in</strong></span> <span class='ocrx_word' id='word_1_167' title='bbox 750 1037 811 1067; x_wconf 90' lang='lat' dir='ltr'><strong>quo</strong></span> <span class='ocrx_word' id='word_1_168' title='bbox 827 1028 872 1058; x_wconf 90' lang='lat' dir='ltr'><strong>vel</strong></span> <span class='ocrx_word' id='word_1_169' title='bbox 888 1037 975 1057; x_wconf 83' lang='lat' dir='ltr'><strong>max-</strong></span> 
     </span>
     <span class='ocr_line' id='line_1_23' title="bbox 86 1065 973 1109; baseline 0.005 -15"><span class='ocrx_word' id='word_1_170' title='bbox 86 1065 148 1095; x_wconf 87' lang='lat' dir='ltr'><strong>ime</strong></span> <span class='ocrx_word' id='word_1_171' title='bbox 178 1077 299 1096; x_wconf 83' lang='lat' dir='ltr'><strong>summa</strong></span> <span class='ocrx_word' id='word_1_172' title='bbox 324 1068 495 1109; x_wconf 83' lang='lat' dir='ltr'><strong>eloquentia</strong></span> <span class='ocrx_word' id='word_1_173' title='bbox 520 1070 660 1099; x_wconf 85' lang='lat' dir='ltr'><strong>cernitur.</strong></span> <span class='ocrx_word' id='word_1_174' title='bbox 692 1069 770 1100; x_wconf 86' lang='lat' dir='ltr'><strong>Haec</strong></span> <span class='ocrx_word' id='word_1_175' title='bbox 793 1082 973 1107; x_wconf 70' lang='grc' dir='ltr'><em>κατασκευη,</em></span> 
     </span>
     <span class='ocr_line' id='line_1_24' title="bbox 85 1108 974 1153; baseline 0.006 -16"><span class='ocrx_word' id='word_1_176' title='bbox 85 1108 139 1138; x_wconf 87' lang='lat' dir='ltr'><strong>etsi</strong></span> <span class='ocrx_word' id='word_1_177' title='bbox 155 1110 325 1140; x_wconf 86' lang='lat' dir='ltr'><strong>communis</strong></span> <span class='ocrx_word' id='word_1_178' title='bbox 348 1118 392 1141; x_wconf 85' lang='lat' dir='ltr'><strong>est</strong></span> <span class='ocrx_word' id='word_1_179' title='bbox 406 1112 490 1142; x_wconf 89' lang='lat' dir='ltr'><strong>omni</strong></span> <span class='ocrx_word' id='word_1_180' title='bbox 505 1112 646 1142; x_wconf 85' lang='lat' dir='ltr'><strong>orationis</strong></span> <span class='ocrx_word' id='word_1_181' title='bbox 666 1113 780 1153; x_wconf 85' lang='lat' dir='ltr'><strong>generi,</strong></span> <span class='ocrx_word' id='word_1_182' title='bbox 798 1118 900 1142; x_wconf 87' lang='lat' dir='ltr'><strong>tamen</strong></span> <span class='ocrx_word' id='word_1_183' title='bbox 914 1112 974 1142; x_wconf 87' lang='lat' dir='ltr'><strong>im-</strong></span> 
     </span>
     <span class='ocr_line' id='line_1_25' title="bbox 85 1151 972 1196; baseline 0.006 -16"><span class='ocrx_word' id='word_1_184' title='bbox 85 1151 192 1191; x_wconf 83' lang='lat' dir='ltr'><strong>primis</strong></span> <span class='ocrx_word' id='word_1_185' title='bbox 207 1152 237 1181; x_wconf 91' lang='lat' dir='ltr'><strong>in</strong></span> <span class='ocrx_word' id='word_1_186' title='bbox 255 1163 289 1182; x_wconf 91' lang='lat' dir='ltr'><strong>eo</strong></span> <span class='ocrx_word' id='word_1_187' title='bbox 304 1163 412 1193; x_wconf 87' lang='lat' dir='ltr'><strong>genere</strong></span> <span class='ocrx_word' id='word_1_188' title='bbox 425 1161 542 1195; x_wconf 85' lang='lat' dir='ltr'><strong>regnat,</strong></span> <span class='ocrx_word' id='word_1_189' title='bbox 555 1155 638 1196; x_wconf 88' lang='lat' dir='ltr'><strong>quod</strong></span> <span class='ocrx_word' id='word_1_190' title='bbox 654 1155 836 1185; x_wconf 72' lang='grc' dir='ltr'><strong>επιδεικτικον</strong></span> <span class='ocrx_word' id='word_1_191' title='bbox 851 1155 972 1193; x_wconf 88' lang='lat' dir='ltr'><strong>dicitur,</strong></span> 
     </span>
     <span class='ocr_line' id='line_1_26' title="bbox 84 1195 970 1239; baseline 0.006 -16"><span class='ocrx_word' id='word_1_192' title='bbox 84 1204 154 1223; x_wconf 78' lang='lat' dir='ltr'><strong>cum</strong></span> <span class='ocrx_word' id='word_1_193' title='bbox 182 1195 339 1235; x_wconf 85' lang='lat' dir='ltr'><strong>ingenium</strong></span> <span class='ocrx_word' id='word_1_194' title='bbox 371 1198 636 1239; x_wconf 84' lang='lat' dir='ltr'><strong>eloquentiamque</strong></span> <span class='ocrx_word' id='word_1_195' title='bbox 661 1199 788 1238; x_wconf 87' lang='lat' dir='ltr'><strong>probare</strong></span> <span class='ocrx_word' id='word_1_196' title='bbox 818 1199 970 1228; x_wconf 88' lang='lat' dir='ltr'><strong>volumus.</strong></span> 
     </span>
     <span class='ocr_line' id='line_1_27' title="bbox 84 1236 970 1282; baseline 0.007 -16"><span class='ocrx_word' id='word_1_197' title='bbox 84 1236 135 1266; x_wconf 81' lang='lat' dir='ltr'><strong>Ex</strong></span> <span class='ocrx_word' id='word_1_198' title='bbox 156 1237 192 1268; x_wconf 62' lang='lat' dir='ltr'><strong>eit</strong></span> <span class='ocrx_word' id='word_1_199' title='bbox 207 1239 328 1269; x_wconf 84' lang='lat' dir='ltr'><strong>ubertas</strong></span> <span class='ocrx_word' id='word_1_200' title='bbox 343 1240 467 1281; x_wconf 84' lang='lat' dir='ltr'><strong>ingenii,</strong></span> <span class='ocrx_word' id='word_1_201' title='bbox 484 1251 522 1271; x_wconf 84' lang='lat' dir='ltr'><strong>ex</strong></span> <span class='ocrx_word' id='word_1_202' title='bbox 546 1241 581 1271; x_wconf 62' lang='lat' dir='ltr'><strong>eit</strong></span> <span class='ocrx_word' id='word_1_203' title='bbox 606 1241 692 1282; x_wconf 87' lang='lat' dir='ltr'><strong>copia</strong></span> <span class='ocrx_word' id='word_1_204' title='bbox 714 1241 818 1282; x_wconf 84' lang='lat' dir='ltr'><strong>visque</strong></span> <span class='ocrx_word' id='word_1_205' title='bbox 833 1241 970 1278; x_wconf 89' lang='lat' dir='ltr'><strong>dicentis,</strong></span> 
     </span>
     <span class='ocr_line' id='line_1_28' title="bbox 79 1280 971 1324; baseline 0.007 -16"><span class='ocrx_word' id='word_1_206' title='bbox 79 1280 242 1319; x_wconf 83' lang='lat' dir='ltr'><strong>judicatur.</strong></span> <span class='ocrx_word' id='word_1_207' title='bbox 268 1281 388 1323; x_wconf 85' lang='lat' dir='ltr'><strong>Itaque,</strong></span> <span class='ocrx_word' id='word_1_208' title='bbox 404 1284 436 1313; x_wconf 91' lang='lat' dir='ltr'><strong>in</strong></span> <span class='ocrx_word' id='word_1_209' title='bbox 450 1284 507 1314; x_wconf 88' lang='lat' dir='ltr'><strong>hoc</strong></span> <span class='ocrx_word' id='word_1_210' title='bbox 518 1294 626 1324; x_wconf 87' lang='lat' dir='ltr'><strong>genere</strong></span> <span class='ocrx_word' id='word_1_211' title='bbox 641 1284 783 1314; x_wconf 87' lang='lat' dir='ltr'><strong>orationis</strong></span> <span class='ocrx_word' id='word_1_212' title='bbox 797 1284 889 1314; x_wconf 85' lang='lat' dir='ltr'><strong>etiam</strong></span> <span class='ocrx_word' id='word_1_213' title='bbox 904 1294 971 1314; x_wconf 89' lang='lat' dir='ltr'><strong>mo-</strong></span> 
     </span>
     <span class='ocr_line' id='line_1_29' title="bbox 81 1323 969 1362; baseline 0.006 -10"><span class='ocrx_word' id='word_1_214' title='bbox 81 1323 156 1352; x_wconf 87' lang='lat' dir='ltr'><strong>dum</strong></span> <span class='ocrx_word' id='word_1_215' title='bbox 172 1324 265 1362; x_wconf 91' lang='lat' dir='ltr'><strong>hujus</strong></span> <span class='ocrx_word' id='word_1_216' title='bbox 287 1338 471 1360; x_wconf 65' lang='grc' dir='ltr'>κατασκευης</span> <span class='ocrx_word' id='word_1_217' title='bbox 492 1327 544 1356; x_wconf 83' lang='lat' dir='ltr'><strong>vix</strong></span> <span class='ocrx_word' id='word_1_218' title='bbox 568 1333 671 1357; x_wconf 84' lang='lat' dir='ltr'><strong>tenent</strong></span> <span class='ocrx_word' id='word_1_219' title='bbox 694 1327 808 1358; x_wconf 91' lang='lat' dir='ltr'><strong>summi</strong></span> <span class='ocrx_word' id='word_1_220' title='bbox 827 1333 969 1358; x_wconf 84' lang='lat' dir='ltr'><strong>oratores.</strong></span> 
     </span>
     <span class='ocr_line' id='line_1_30' title="bbox 82 1367 968 1411; baseline 0.005 -15"><span class='ocrx_word' id='word_1_221' title='bbox 82 1367 156 1397; x_wconf 89' lang='lat' dir='ltr'><strong>Huc</strong></span> <span class='ocrx_word' id='word_1_222' title='bbox 171 1368 248 1398; x_wconf 87' lang='lat' dir='ltr'><strong>refer</strong></span> <span class='ocrx_word' id='word_1_223' title='bbox 262 1369 345 1398; x_wconf 77' lang='lat' dir='ltr'><strong>illam</strong></span> <span class='ocrx_word' id='word_1_224' title='bbox 370 1371 628 1407; x_wconf 74' lang='lat' dir='ltr'><strong>redundantiam,</strong></span> <span class='ocrx_word' id='word_1_225' title='bbox 650 1380 744 1411; x_wconf 87' lang='lat' dir='ltr'><strong>quam</strong></span> <span class='ocrx_word' id='word_1_226' title='bbox 768 1370 799 1399; x_wconf 90' lang='lat' dir='ltr'><strong>in</strong></span> <span class='ocrx_word' id='word_1_227' title='bbox 814 1369 968 1401; x_wconf 88' lang='lat' dir='ltr'><strong>Ciceronis</strong></span> 
     </span>
     <span class='ocr_line' id='line_1_31' title="bbox 80 1410 969 1454; baseline 0.004 -15"><span class='ocrx_word' id='word_1_228' title='bbox 80 1410 213 1441; x_wconf 83' lang='lat' dir='ltr'><strong>oratione</strong></span> <span class='ocrx_word' id='word_1_229' title='bbox 223 1411 481 1443; x_wconf 75' lang='lat' dir='ltr'><strong>animadvertebat</strong></span> <span class='ocrx_word' id='word_1_230' title='bbox 494 1412 678 1453; x_wconf 89' lang='lat' dir='ltr'><strong>Apollonius</strong></span> <span class='ocrx_word' id='word_1_231' title='bbox 690 1413 790 1450; x_wconf 86' lang='lat' dir='ltr'><strong>Molo,</strong></span> <span class='ocrx_word' id='word_1_232' title='bbox 807 1419 836 1443; x_wconf 89' lang='lat' dir='ltr'><strong>et</strong></span> <span class='ocrx_word' id='word_1_233' title='bbox 845 1424 926 1454; x_wconf 82' lang='lat' dir='ltr'><strong>quae,</strong></span> <span class='ocrx_word' id='word_1_234' title='bbox 936 1412 969 1443; x_wconf 90' lang='lat' dir='ltr'><strong>in</strong></span> 
     </span>
     <span class='ocr_line' id='line_1_32' title="bbox 80 1453 968 1496; baseline 0.005 -14"><span class='ocrx_word' id='word_1_235' title='bbox 80 1453 231 1483; x_wconf 61' lang='lat' dir='ltr'><strong>Rosciana</strong></span> <span class='ocrx_word' id='word_1_236' title='bbox 261 1455 406 1493; x_wconf 75' lang='lat' dir='ltr'><strong>adhibita,</strong></span> <span class='ocrx_word' id='word_1_237' title='bbox 432 1456 540 1486; x_wconf 90' lang='lat' dir='ltr'><strong>seniori</strong></span> <span class='ocrx_word' id='word_1_238' title='bbox 556 1456 694 1486; x_wconf 89' lang='lat' dir='ltr'><strong>Ciceroni</strong></span> <span class='ocrx_word' id='word_1_239' title='bbox 717 1455 905 1496; x_wconf 86' lang='lat' dir='ltr'><strong>displicebat,</strong></span> <span class='ocrx_word' id='word_1_240' title='bbox 931 1461 968 1486; x_wconf 85' lang='lat' dir='ltr'><strong>ut</strong></span> 
     </span>
     <span class='ocr_line' id='line_1_33' title="bbox 79 1496 965 1539; baseline 0.005 -14"><span class='ocrx_word' id='word_1_241' title='bbox 79 1501 124 1525; x_wconf 89' lang='lat' dir='ltr'><strong>est</strong></span> <span class='ocrx_word' id='word_1_242' title='bbox 135 1496 167 1525; x_wconf 91' lang='lat' dir='ltr'><strong>in</strong></span> <span class='ocrx_word' id='word_1_243' title='bbox 183 1497 291 1527; x_wconf 85' lang='lat' dir='ltr'><strong>Bruto.</strong></span> <span class='ocrx_word' id='word_1_244' title='bbox 314 1498 408 1529; x_wconf 84' lang='lat' dir='ltr'><strong>Vides</strong></span> <span class='ocrx_word' id='word_1_245' title='bbox 422 1498 515 1539; x_wconf 87' lang='lat' dir='ltr'><strong>igitur</strong></span> <span class='ocrx_word' id='word_1_246' title='bbox 524 1499 627 1528; x_wconf 86' lang='lat' dir='ltr'><strong>omnia</strong></span> <span class='ocrx_word' id='word_1_247' title='bbox 638 1499 694 1529; x_wconf 75' lang='lat' dir='ltr'><strong>ista</strong></span> <span class='ocrx_word' id='word_1_248' title='bbox 703 1499 830 1529; x_wconf 86' lang='lat' dir='ltr'><strong>ornandi</strong></span> <span class='ocrx_word' id='word_1_249' title='bbox 844 1508 965 1539; x_wconf 83' lang='lat' dir='ltr'><strong>genera,</strong></span> 
     </span>
     <span class='ocr_line' id='line_1_34' title="bbox 80 1538 964 1582; baseline 0.005 -14"><span class='ocrx_word' id='word_1_250' title='bbox 80 1538 192 1579; x_wconf 89' lang='lat' dir='ltr'><strong>quibus</strong></span> <span class='ocrx_word' id='word_1_251' title='bbox 207 1540 239 1569; x_wconf 91' lang='lat' dir='ltr'><strong>in</strong></span> <span class='ocrx_word' id='word_1_252' title='bbox 262 1541 414 1572; x_wconf 84' lang='lat' dir='ltr'><strong>laudando</strong></span> <span class='ocrx_word' id='word_1_253' title='bbox 430 1542 577 1582; x_wconf 89' lang='lat' dir='ltr'><strong>Pompeio</strong></span> <span class='ocrx_word' id='word_1_254' title='bbox 595 1552 686 1572; x_wconf 85' lang='lat' dir='ltr'><strong>usum</strong></span> <span class='ocrx_word' id='word_1_255' title='bbox 706 1551 738 1572; x_wconf 87' lang='lat' dir='ltr'><strong>se</strong></span> <span class='ocrx_word' id='word_1_256' title='bbox 760 1541 832 1573; x_wconf 89' lang='lat' dir='ltr'><strong>dicit</strong></span> <span class='ocrx_word' id='word_1_257' title='bbox 847 1542 964 1579; x_wconf 86' lang='lat' dir='ltr'><strong>Cicero,</strong></span> 
     </span>
     <span class='ocr_line' id='line_1_35' title="bbox 80 1582 966 1626; baseline 0.002 -15"><span class='ocrx_word' id='word_1_258' title='bbox 80 1592 142 1612; x_wconf 86' lang='lat' dir='ltr'><strong>esse</strong></span> <span class='ocrx_word' id='word_1_259' title='bbox 166 1582 345 1621; x_wconf 65' lang='grc' dir='ltr'>επιὸεικτικῳ</span> <span class='ocrx_word' id='word_1_260' title='bbox 371 1585 473 1625; x_wconf 86' lang='lat' dir='ltr'><strong>generi</strong></span> <span class='ocrx_word' id='word_1_261' title='bbox 488 1584 618 1626; x_wconf 86' lang='lat' dir='ltr'><strong>propria.</strong></span> <span class='ocrx_word' id='word_1_262' title='bbox 651 1585 736 1614; x_wconf 89' lang='lat' dir='ltr'><strong>Nam</strong></span> <span class='ocrx_word' id='word_1_263' title='bbox 759 1597 792 1614; x_wconf 82' lang='grc' dir='ltr'><strong>το</strong></span> <span class='ocrx_word' id='word_1_264' title='bbox 812 1584 966 1624; x_wconf 65' lang='grc' dir='ltr'><strong><em>περιοδικον</em></strong></span> 
     </span>
     <span class='ocr_line' id='line_1_36' title="bbox 80 1624 961 1668; baseline 0.006 -15"><span class='ocrx_word' id='word_1_265' title='bbox 80 1624 171 1654; x_wconf 84' lang='lat' dir='ltr'><strong>etiam</strong></span> <span class='ocrx_word' id='word_1_266' title='bbox 201 1625 342 1666; x_wconf 81' lang='lat' dir='ltr'><strong>nuspiam</strong></span> <span class='ocrx_word' id='word_1_267' title='bbox 366 1627 514 1667; x_wconf 89' lang='lat' dir='ltr'><strong>copiosius</strong></span> <span class='ocrx_word' id='word_1_268' title='bbox 536 1628 673 1658; x_wconf 87' lang='lat' dir='ltr'><strong>adhiberi</strong></span> <span class='ocrx_word' id='word_1_269' title='bbox 695 1627 770 1658; x_wconf 88' lang='lat' dir='ltr'><strong>solet</strong></span> <span class='ocrx_word' id='word_1_270' title='bbox 798 1633 828 1657; x_wconf 83' lang='lat' dir='ltr'><strong>et</strong></span> <span class='ocrx_word' id='word_1_271' title='bbox 852 1632 961 1668; x_wconf 73' lang='lat' dir='ltr'><strong>potest,</strong></span> 
     </span>
     <span class='ocr_line' id='line_1_37' title="bbox 79 1668 562 1707; baseline 0.006 -10"><span class='ocrx_word' id='word_1_272' title='bbox 79 1677 173 1707; x_wconf 87' lang='lat' dir='ltr'><strong>quam</strong></span> <span class='ocrx_word' id='word_1_273' title='bbox 188 1668 220 1698; x_wconf 87' lang='lat' dir='ltr'><strong>in</strong></span> <span class='ocrx_word' id='word_1_274' title='bbox 235 1668 291 1698; x_wconf 88' lang='lat' dir='ltr'><strong>hac</strong></span> <span class='ocrx_word' id='word_1_275' title='bbox 306 1668 424 1700; x_wconf 86' lang='lat' dir='ltr'><strong>dicendi</strong></span> <span class='ocrx_word' id='word_1_276' title='bbox 439 1670 562 1700; x_wconf 88' lang='lat' dir='ltr'><strong>ratione.</strong></span> 
     </span>
    </p>

    <p class='ocr_par' dir='ltr' id='par_1_3' title="bbox 73 1711 959 1797">
     <span class='ocr_line' id='line_1_38' title="bbox 120 1711 959 1754; baseline 0.004 -13"><span class='ocrx_word' id='word_1_277' title='bbox 120 1711 260 1750; x_wconf 63' lang='grc' dir='ltr'><strong>Περιοὸος,</strong></span> <span class='ocrx_word' id='word_1_278' title='bbox 284 1713 430 1750; x_wconf 79' lang='lat' dir='ltr'><strong>ambitus,</strong></span> <span class='ocrx_word' id='word_1_279' title='bbox 452 1714 610 1751; x_wconf 78' lang='lat' dir='ltr'><strong>circuitus,</strong></span> <span class='ocrx_word' id='word_1_280' title='bbox 633 1714 869 1754; x_wconf 63' lang='lat' dir='ltr'><strong>comprelzensw,</strong></span> <span class='ocrx_word' id='word_1_281' title='bbox 887 1723 959 1744; x_wconf 81' lang='lat' dir='ltr'><strong>con-</strong></span> 
     </span>
     <span class='ocr_line' id='line_1_39' title="bbox 73 1754 784 1797; baseline 0.007 -15"><span class='ocrx_word' id='word_1_282' title='bbox 73 1754 218 1791; x_wconf 77' lang='lat' dir='ltr'><strong>tinuatio,</strong></span> <span class='ocrx_word' id='word_1_283' title='bbox 230 1755 468 1797; x_wconf 79' lang='lat' dir='ltr'><strong>circumscriptio</strong></span> <span class='ocrx_word' id='word_1_284' title='bbox 477 1758 647 1793; x_wconf 74' lang='lat' dir='ltr'><strong>verborum,</strong></span> <span class='ocrx_word' id='word_1_285' title='bbox 664 1757 720 1788; x_wconf 91' lang='lat' dir='ltr'><strong>Or.</strong></span> <span class='ocrx_word' id='word_1_286' title='bbox 734 1757 784 1788; x_wconf 84' lang='lat'><strong>61.</strong></span> 
     </span>
    </p>
   </div>
  </div>
 </body>
</html>
