1137 1848
346 38 495 70 INDEX
520 36 807 68 HISTORICUS.
958 37 1018 67 155

141 150 144 152 ,
174 125 216 156 A.
233 124 358 160 Aurius,
373 124 495 155 Cluent.
512 125 541 154 8.
558 123 697 154 Larinas.

175 169 223 198 M.
249 169 375 205 Aurius,
395 167 544 206 melinus,
562 167 683 197 Cluent.
700 168 730 196 5.
754 165 892 197 Larinas.
919 164 1022 206 Duxit

131 211 315 242 Cluentiam.
930 207 938 213 ”

140 278 144 279 .
173 255 270 284 Nam.
288 254 413 287 Aurius,
431 253 504 283 ibid.
522 255 551 283 8.
577 253 717 283 Larinas.

174 298 350 332 Autobulus,
367 297 429 326 Pis.
443 297 494 326 36.
512 297 645 333 saltator,
664 296 701 325 L.
724 294 844 325 Pisonis
863 294 895 325 in
911 294 1018 325 Mace-

129 338 219 370 doni&
234 350 344 370 comes.

177 382 214 412 P.
234 384 402 416 Autronius,
419 383 508 412 Brut.
525 383 577 420 68,
594 387 693 412 orator
708 381 771 411 solit
787 391 857 411 voce
880 380 1021 421 probabi-

132 426 178 455 ljs.
203 426 280 456 Suu.
302 429 327 456 1.
344 426 447 456 consul
463 425 635 466 designatus
650 435 720 455 cum
738 425 772 454 P.
789 424 888 461 Sunii,
905 423 942 453 de
957 433 1022 453 am-

131 469 197 498 bitu
222 469 450 501 condemnatur..
468 469 533 498 Att.
562 467 626 506 ΙΙΙ,
648 472 678 498 2.
704 470 732 498 7.
756 468 882 498 exsulat.
914 466 1023 496 Postea

132 512 298 550 conjuravit
314 522 384 542 cum
400 511 542 541 Catilina.

177 555 288 587 Axilla,
314 555 369 585 Or.
398 555 448 583 45.
479 564 646 594 cognomen
673 553 880 584 Serviliorum.
914 552 1023 583 Vester

132 597 241 627 Axilla
256 598 317 627 Ala
329 597 425 628 factus
440 602 492 627 est.

177 641 322 677 Annuus,
338 640 376 670 ad
390 640 459 669 Att.
476 639 551 676 XV,
569 643 620 671 29.

178 684 283 718 Alius,
301 684 365 713 Att.
381 682 440 718 IV,
462 686 508 713 15.
526 688 657 719 senator,
678 683 731 723 qui
747 683 778 712 in
795 682 902 713 Roscis
917 681 1022 711 villam

134 725 253 763 habuit,
276 726 314 756 ad
329 727 397 756 Att.
416 725 448 754 ΙΙ
455 724 481 762 I,
507 728 554 755 15.
569 725 606 755 de
620 726 677 756 hoc
695 726 931 766 interpretantur
948 725 1024 754 Sue-

135 775 198 799 ton.
209 769 275 799 Jul.
290 769 365 799 Caes.
380 771 409 799 9.
428 767 514 798 Idem
526 768 680 798 inducitur
689 780 739 809 ap.
752 770 839 799 Varr.
850 768 890 797 R.
900 768 940 798 R.
955 766 1020 803 ΙΙΙ,

135 815 165 842 2.
181 811 235 842 ubi
250 817 279 842 et
294 812 367 842 villa
382 813 446 851 ejus
462 812 493 841 in
512 811 617 841 Roseis
629 817 892 842 commemoratur.

180 854 215 888 Q.
229 856 335 889 Arius,
350 855 418 884 Att.
433 853 460 891 Ι,
481 858 528 885 12.
542 854 710 885 foenerator.
732 855 798 886 Att.
815 855 860 893 X,
880 857 930 893 11,
947 853 1023 883 forte

136 896 219 927 idem
234 907 304 928 cum
320 897 475 939 superiori.

553 983 593 1013 B.

180 1067 347 1103 Babullius,
364 1067 429 1099 Att.
448 1067 549 1104 XIII.
567 1070 619 1098 48.

179 1112 324 1147 Bacchus,
341 1112 416 1142 Nat.
435 1111 475 1141 D.
497 1111 561 1147 ΙΙΙ,
579 1116 629 1142 23.
649 1112 739 1142 multi
754 1111 878 1143 Bacchi.

178 1155 277 1188 Bacis,
295 1155 441 1191 Boeoffius.
459 1155 531 1184 Div.
549 1154 576 1191 I,
593 1156 622 1184 8.
642 1166 748 1195 augur.

179 1196 310 1234 Baebius,
324 1199 392 1228 Att.
412 1197 473 1236 IX,
494 1201 540 1228 14.
556 1199 648 1228 homo
660 1200 816 1237 obscurus,
833 1197 885 1228 sed
901 1206 962 1227 non
976 1196 1024 1226 in-

137 1240 213 1271 fans.

180 1285 228 1313 M.
248 1283 378 1321 Baebius,
395 1283 456 1314 Pis.
475 1284 527 1315 35.
540 1285 627 1324 jussu
644 1282 682 1314 L.
698 1283 817 1314 Pisonis
830 1283 862 1314 in
879 1282 1026 1314 Macedo.

136 1326 188 1356 nist
203 1326 387 1357 interficitur.

183 1369 218 1403 Q.
236 1369 367 1406 Boebhw,
390 1369 564 1409 Tampilus,
585 1369 665 1399 Phil.
685 1370 727 1407 V,
751 1373 799 1400 lo.
823 1369 940 1409 legatus
960 1368 1026 1398 Ro-

136 1421 298 1442 manorum
323 1412 362 1442 ad
386 1412 595 1442 Hannibalem
623 1414 796 1452 Saguntum
825 1412 1023 1442 obsidentem.

138 1454 314 1494 Cognomen
331 1461 360 1485 et
372 1455 557 1496 Tamphilus
572 1456 712 1485 scribitur
727 1456 758 1486 in
774 1455 872 1485 Fastis
882 1455 957 1495 Cap.
986 1455 1028 1485 V.

138 1496 224 1527 Duk.
244 1504 273 1528 et
288 1498 445 1528 Drakenb.
459 1498 497 1528 ad
514 1498 582 1527 Liv.
596 1498 670 1534 XL,
691 1500 739 1528 17.
765 1498 802 1528 In
813 1507 940 1528 nummo
952 1507 1026 1537 gen-

138 1539 176 1570 tis
190 1540 305 1571 Baebiae
321 1547 365 1571 est
379 1540 551 1581 Tampilus.
578 1541 662 1571 Add.
683 1541 782 1572 Graev.
802 1541 840 1571 ad
854 1540 874 1570 1.
891 1551 916 1571 c.

184 1583 218 1613 P.
242 1583 421 1621 Bagiennus,
444 1584 482 1613 ad
499 1583 571 1613 Div.
585 1584 628 1622 X,
646 1585 697 1614 33.
721 1585 856 1625 Legatus
879 1589 931 1614 aut
948 1594 1027 1624 prae-

137 1625 234 1656 fectus
250 1626 376 1656 Antonii
386 1626 478 1656 fuisse
493 1626 620 1657 videtur.

181 1669 338 1707 Bachaias,
351 1669 420 1700 Aet.
434 1669 511 1707 XV,
533 1673 581 1702 13.
594 1669 796 1702 amicissimus
811 1669 960 1709 Ciceroni,
974 1668 1030 1711 qui
