1122 1868
157 78 199 106 54
426 76 576 107 INDEX
600 77 777 109 LEGUM.

160 160 226 199 ΙΙΙ,
253 162 303 201 13,
325 172 391 192 cum
412 163 533 193 alternae
553 164 683 194 civitates
706 164 822 201 rejectae
844 168 958 199 esserum
990 173 1044 204 pro

157 205 291 241 alternis,
308 205 400 235 semel
415 207 452 236 ab
468 213 648 244 accusatore,
664 206 756 236 semel
770 207 808 236 ab
824 215 884 236 reo.

209 249 324 277 Vatinia
345 248 481 287 ejusdem
504 249 630 285 tribuni,
661 249 723 290 qua
745 248 869 285 Caesari,
899 248 948 278 cui
968 248 1044 287 jam,

158 291 226 330 lege
241 290 410 329 Sempronia
426 291 463 321 de
477 292 649 332 provinciis,
665 297 785 322 senatus
796 290 929 321 Galliam
944 291 1048 321 ulteri-

159 343 242 363 orem
258 333 446 370 attribuerat,
462 334 554 364 etiam
577 334 705 383 citerior,
727 344 797 365 curn
813 333 936 374 Illyrico
951 339 980 364 et
994 333 1048 363 tri-

158 378 216 407 bus
231 376 400 416 legionibus
421 376 664 418 stipendiisque
657 387 688 407 1n
704 376 960 418 quinquennium,
976 376 1046 407 data

159 425 214 449 est.
237 418 275 448 In
291 419 398 450 Vatin.
420 421 512 450 c.12.
542 420 591 450 De
613 420 670 450 hac
686 420 753 460 lege
770 420 862 450 etiam
883 419 1046 459 capiendus

156 461 243 492 locus
258 461 387 499 videtur,
396 473 421 493 c.
432 463 482 499 15,
495 462 548 493 ubi
560 463 750 503 reprehendit
761 462 866 494 Cicero
875 462 1047 511 Vatinium,

158 506 235 545 quod
261 504 317 534 ειιᾶ
344 505 404 545 lege
418 504 523 545 factus
544 507 578 535 sit
602 507 717 545 legatus
741 506 868 536 Caesaris
890 506 920 534 in
936 504 1047 535 Gallici.

162 547 263 583 Nam,
280 547 363 588 quod
378 548 541 578 Manutius
555 554 656 589 putat,
677 549 776 589 legem
791 550 830 579 ab
845 557 879 578 eo
894 547 999 585 latam,
1014 553 1050 577 ut

160 590 253 630 legati
268 591 464 631 provinciales
481 601 499 621 a
518 591 631 632 populo
646 597 828 630 crearentur,
844 590 929 620 nulio
942 590 1050 622 idoneo

162 633 334 664 testimonio
348 633 546 664 demonstrari
560 639 669 674 potest.

211 675 323 706 Vatinia
338 676 397 706 alia
419 677 545 717 rogatio,
562 676 614 707 sed
631 687 692 707 non
710 678 835 718 perlata,
851 682 1047 713 memoratur,

159 718 194 748 in
206 718 278 749 Vat.
291 729 316 750 c.
329 720 361 756 9,
372 729 434 759 seq.
445 719 506 759 qua
519 720 618 749 latum
633 728 688 757 est,
702 726 736 750 ut
751 720 876 761 quaestio
890 719 1050 750 haberetur

162 761 200 791 de
215 761 262 798 iis,
284 772 359 802 quos
376 762 414 793 L.
432 762 564 798 Vettius,
578 763 631 803 qui
646 763 677 793 in
693 769 798 794 senatu
809 762 958 793 confessus
973 767 1048 792 esset

159 814 190 834 se
205 814 275 834 cum
290 805 350 834 telo
365 804 468 841 fuisse,
493 811 522 835 et
538 805 596 836 Cn.
614 806 795 846 Pompeium
815 805 947 837 occidere
961 805 1046 835 volu-

159 846 228 883 isse,
244 847 403 888 participes
418 847 499 878 illius
514 848 630 878 consilii
644 848 736 879 fuisse
750 849 868 880 diceret.

204 890 253 920 De
277 890 308 919 Vt
321 891 413 930 leges,
435 890 525 920 Plotia
540 896 569 921 et
584 893 720 922 Lutatia.

207 931 234 960 V
233 934 316 970 iaria,
339 934 401 963 lata
415 943 434 963 a
450 934 486 964 C.
502 935 641 973 Curione,
664 934 762 966 Paulo
776 939 805 964 et
817 933 966 964 Marcello
977 942 1050 964 coss.

161 974 202 1005 A.
216 975 257 1005 U.
275 976 350 1013 703,
363 977 398 1006 de
412 977 463 1006 viis
478 978 650 1015 muniendis,
666 987 727 1008 non
742 976 896 1007 dissimilis
913 976 1049 1016 Agrariae

160 1018 260 1049 Rulli.
281 1019 332 1049 Ad
350 1018 423 1050 Div.
442 1019 542 1057 VIII,
554 1021 583 1051 6.
609 1020 664 1050 Ad
678 1021 756 1051 hanc
776 1019 930 1050 ferendam
945 1020 1045 1059 legem

159 1061 234 1102 quid
249 1061 414 1092 Curionem
429 1061 596 1103 impulerit,
612 1063 698 1094 docet
708 1062 883 1103 Appianus,
895 1062 933 1092 Β.
946 1062 982 1092 C.
994 1063 1044 1099 II,

159 1114 190 1144 p.
207 1105 226 1139 7
230 1105 283 1141 32,
300 1104 346 1135 ed.
363 1104 446 1135 ΤοΠ.
476 1106 599 1146 Nempe
618 1106 712 1146 quod,
734 1115 791 1136 aere
811 1105 909 1135 alieno
924 1115 1046 1145 oppres-

159 1157 222 1184 sus,
238 1147 398 1187 pecuniam
413 1154 566 1189 acceperat
580 1159 598 1179 a
620 1150 750 1186 Caesare,
769 1157 807 1178 ne
827 1147 884 1178 sibi
902 1147 933 1177 in
949 1148 1046 1178 tribu-

159 1195 234 1219 natu
250 1189 464 1220 adversaretur.
486 1191 578 1221 Hanc
596 1191 764 1222 mercedem
785 1200 823 1221 ne
838 1190 949 1220 frustra
963 1200 1046 1221 acce-

158 1232 249 1272 pisse,
261 1238 290 1262 et
306 1233 499 1272 Pompeianis
514 1234 617 1275 aliqua
631 1234 745 1264 ratione
760 1233 920 1270 adversari,
934 1233 1048 1264 videre-

160 1280 221 1312 tur,
239 1275 321 1315 quod
340 1275 427 1306 facile
444 1276 643 1318 intelligebat,
662 1287 711 1308 eos
730 1276 801 1307 huic
820 1276 881 1316 legi
895 1286 1046 1316 repugna-

159 1323 243 1348 turos
273 1328 355 1354 esse;
391 1324 540 1356 Εισηγειτο
562 1320 730 1360 βαρυτατας
752 1319 818 1349 ὁδων
840 1324 959 1348 πολλων
986 1331 1046 1348 επι-

158 1372 265 1395 σκευας
280 1373 312 1390 ΤΕ
330 1372 376 1389 Καί
395 1373 590 1398 καταῦκευας,
614 1374 661 1391 καί
678 1374 758 1392 αυΤΟν
775 1373 935 1396 ἐπιστάτην
952 1373 1043 1391 αυτων

157 1414 204 1433 em
227 1414 385 1437 πενταετες
408 1415 493 1434 emon:
528 1415 596 1445 quae
616 1405 707 1435 verba
728 1403 958 1435 similitudinem
980 1404 1045 1442 ejus

158 1455 230 1476 cum
256 1445 379 1475 Servitifz
399 1446 526 1483 Agraria
550 1446 635 1477 Rulli
655 1447 727 1478 satis
743 1447 959 1477 demonstrant.
984 1447 1044 1477 Sed

158 1488 282 1518 fortasse
303 1487 393 1518 etiam
409 1489 513 1519 eadem
528 1496 705 1521 ornamenta
719 1488 883 1531 potestatis,
905 1488 1044 1520 eamdem

159 1536 338 1571 potestatem
350 1530 380 1560 in
394 1532 565 1571 provinciis,
575 1533 669 1570 dedit,
680 1544 774 1574 quam
785 1535 831 1563 lez
847 1533 975 1562 Servzlia.
992 1532 1045 1563 Ex

160 1583 211 1614 ep.
235 1573 274 1603 ad
288 1574 357 1604 Att.
373 1574 434 1611 VI,
463 1575 491 1611 l,
516 1576 572 1606 διο.
593 1576 669 1606 mihi
684 1576 802 1606 videtur
822 1574 923 1614 colligi
945 1584 1044 1623 posse,

161 1616 359 1646 constitutum
374 1616 467 1647 fuisse
482 1618 609 1659 vectigal
624 1619 728 1650 aerario
743 1617 956 1653 solvendum,
947 1627 979 1646 m
995 1627 1045 1648 ve-

163 1658 276 1695 hicula,
293 1659 404 1695 esseda,
426 1660 543 1697 rhedas,
554 1661 683 1697 lecticas,
694 1671 798 1702 equos,
816 1659 1046 1700 &c.quibus'1n

162 1701 319 1732 itineribus
334 1707 500 1739 uterentur,
517 1709 552 1733 ut
566 1714 601 1734 ea
615 1705 743 1744 pecunia
756 1704 787 1734 in
804 1704 858 1735 viis
873 1701 1044 1733 muniendis

163 1750 397 1776 consumeretur.
431 1746 528 1783 Nam,
553 1756 622 1778 cum
639 1747 756 1778 Vedius
780 1745 917 1778 Ciceroni
938 1744 1044 1776 obvius
