1122 1868
180 64 240 94 194
396 62 544 94 INDEX
567 63 860 97 HISTORICUS.

175 154 278 222 pgstlea
307 147 344 179 de
373 149 403 179 vi
431 156 586 180 accusatus
616 156 671 189 est,
698 150 878 182 defendente
908 150 1063 191 Cicerone,

216 203 241 222 oe
256 213 263 220 .
293 195 318 221 1.

220 235 267 264 M.
287 235 399 266 Coelias
422 236 615 273 Vici-tinans,
632 236 669 266 ad
686 236 756 266 Div.
770 236 881 267 VIII:
903 237 954 268 alii
976 237 1065 267 Vini-

178 279 301 308 cianus.
326 278 515 308 AEdilitatem
539 289 609 309 cum
627 279 722 309 Coelio
744 279 827 310 Rufo
847 279 959 311 frustra
979 280 1066 321 petit,

182 321 266 362 quod
281 321 354 350 olim
371 320 408 350 de
424 321 567 351 dictatore
583 323 815 363 promulgasset.

225 365 271 393 M.
292 364 414 401 Coelias,
434 364 521 395 Verr.
538 365 569 395 V
571 387 581 403 ,
602 366 653 400 17.
665 375 756 405 eques
769 365 861 396 Rom.
877 365 931 407 qui
942 364 1073 407 Lilybaei

186 406 353 437 habitabat.

224 451 270 480 ill.
290 450 409 486 Crlius,
435 450 533 480 Flacc.
551 450 581 479 4.
605 461 695 491 eques
710 451 803 481 Rom.

225 495 263 523 P.
283 494 405 529 Cadius,
430 493 516 523 Verr.
536 491 580 521 II.
598 495 648 523 50.
665 501 774 533 praetor
789 503 859 524 cum
881 493 918 525 C.
934 493 1040 526 Verre.

227 537 263 571 Q.
292 537 405 565 Coelius
430 536 632 573 Latiniensis,
660 536 772 566 Manil.
803 537 851 567 19.
878 537 948 567 trib.
974 538 1017 578 pl.
1041 542 1071 568 et

185 588 266 608 anno
282 586 349 619 post
364 579 494 619 legatus.

228 622 264 656 Q.
288 622 408 659 Czclius,
434 621 514 650 Phil.
539 621 642 659 XIII,
666 622 696 650 2.
725 626 755 651 et
778 621 829 651 12.
854 622 983 653 collusor
1005 622 1074 653 An-

189 670 275 694 tonu.

225 709 292 737 Ser.
311 707 432 744 Coelius,
449 706 490 744 Q.
507 706 559 736 Fr.
577 705 623 743 ΙΙ,
641 707 670 736 6.
693 706 753 737 Sed
768 717 879 738 nomen
895 714 1070 749 corruptum

183 760 245 780 esse
270 749 408 786 videtui-3
433 749 494 779 sive
519 751 591 779 Ser.
612 751 740 780 Clodius
762 750 925 790 legendum
944 750 982 781 sit
1001 761 1072 781 cum

183 792 220 822 P.
244 792 387 823 Manutio
417 799 446 822 et
471 792 636 831 Lambino,
670 793 732 823 sive
757 795 825 823 Sex.
853 794 978 824 Cloelius
1003 804 1074 824 cum

190 836 332 865 Grutero.

230 880 267 908 T.
286 879 404 915 Coelim,
421 879 511 909 Balb.
528 882 579 910 23.
596 887 714 909 senator
725 889 743 909 a
764 878 903 910 Cossinio
918 885 1074 911 accusatus

187 927 217 952 et
232 921 406 951 damnatus.

228 965 335 1002 Coelus,
359 965 403 994 N.
430 964 471 994 D.
495 963 542 1003 ΙΙ,
568 968 620 995 23.
643 964 768 995 Saturni
787 970 884 1006 pater,
905 967 944 996 ab
965 975 1000 998 eo
1020 976 1074 998 ex-

188 1014 296 1038 sectus.

229 1052 410 1087 Collatinus,
429 1049 490 1080 Off.
508 1050 575 1087 111,
590 1052 637 1081 10.
650 1050 720 1087 fuit,
737 1050 768 1080 in
784 1051 904 1091 regibus
920 1052 1074 1092 expellen-

185 1093 243 1130 dis,
261 1094 352 1124 Bruti
367 1093 474 1124 socius.
497 1093 538 1123 Ei
553 1094 668 1134 collega
677 1094 793 1124 Brutus
808 1094 973 1135 imperium
987 1096 1075 1126 abro-

211 1136 282 1166 avit.

188 1147 210 1177 g
230 1181 268 1209 P.
294 1185 324 1210 et
347 1180 386 1210 L.
412 1180 557 1218 Cominii,
577 1180 698 1211 Cluent.
724 1180 777 1210 36.
801 1179 917 1221 equites
938 1180 1073 1211 Romani

190 1222 304 1253 diserti.

230 1266 271 1295 P.
291 1266 456 1302 Cominius,
478 1265 660 1306 Spoletinus.
684 1265 774 1296 Brut.
798 1266 850 1301 78.
871 1275 963 1306 equos
981 1265 1077 1297 Rom.

185 1308 335 1338 accusavit
359 1309 395 1339 C.
419 1309 608 1347 Cornelium,
633 1307 779 1340 Cicerone
801 1308 989 1339 defendente.
1018 1319 1074 1350 pro

190 1350 227 1381 C.
246 1350 339 1381 Corn.
359 1352 385 1381 I.

228 1396 308 1424 Semt.
329 1395 501 1431 Cominius,
525 1394 613 1425 Verr.
629 1395 672 1432 V,
692 1397 741 1425 10.
757 1405 846 1436 eques
862 1394 955 1425 Rom.

233 1438 373 1473 Connus,
397 1437 435 1468 ad
457 1437 528 1468 Div.
554 1436 616 1476 IX,
632 1441 684 1468 22.
704 1438 824 1475 fidicen,
845 1447 906 1478 quo
929 1436 1074 1478 magistro

190 1489 264 1509 usus
276 1486 320 1510 est
335 1480 480 1510 Socrates.

230 1524 262 1552 C.
282 1524 456 1557 Considius,
475 1523 544 1563 Lig.
563 1524 590 1553 l.
612 1529 721 1564 praetor
737 1523 849 1554 Africae
863 1522 1004 1564 proximo
1019 1533 1074 1554 an-

186 1574 227 1594 no
243 1571 312 1595 ante
327 1572 428 1595 ortum
444 1566 560 1596 bellum
577 1567 673 1597 civile.

230 1608 269 1637 L.
288 1609 462 1644 Considius,
487 1609 598 1648 Agrar.
616 1608 663 1646 ΙΙ,
681 1609 732 1639 34.
749 1608 892 1639 duumvir
905 1607 1031 1649 Capuae.

232 1650 277 1680 M.
298 1652 461 1681 Considius
492 1653 654 1689 Nonianus,
675 1653 743 1682 Att.
762 1651 859 1687 VIII,
879 1652 928 1681 ll.
944 1662 1076 1692 proprae-

185 1698 241 1722 tor.
270 1693 309 1723 ad
334 1693 406 1724 Div.
435 1694 530 1730 XVI,
561 1695 611 1724 12.
635 1695 663 1725 ei
688 1694 790 1724 Gallia
815 1694 932 1725 citerior
956 1694 1075 1735 obtigit.

188 1735 281 1766 Hunc
297 1736 399 1767 locum
418 1736 582 1767 Manutius
596 1737 634 1768 (le
654 1737 696 1775 Q.
713 1735 859 1768 Considio
878 1737 970 1768 Gallo
983 1737 1075 1778 capit,
