1137 1848
256 87 403 119 INDEX
429 87 796 119 GEOGRAPHICUS.
911 88 970 117 103

83 173 277 204 Gronovianfi
297 180 399 204 autem
418 180 462 204 est
477 184 492 204 e
514 172 671 212 Plzoenz‘cci,
692 184 747 213 pro
766 184 781 202 e
798 175 965 208 Phoenice,-

81 215 164 256 qnod
183 223 347 257 utrumque
370 223 447 246 recte
470 216 528 247 dici
550 221 656 257 potest.
686 216 771 245 Nam
793 216 900 245 multae
914 225 966 245 vo—

80 269 127 288 ces
147 259 229 299 apud
245 259 382 295 Latinos,
392 262 496 299 poe'tas
505 265 605 289 tamen
620 259 765 297 maxime,
783 264 811 288 et
827 259 965 288 Graecam

80 308 110 331 et
123 301 265 331 Latinam
275 302 403 332 formam
415 302 536 332 habent.
551 302 600 332 Sic
607 303 754 341 Penelope
763 306 792 331 et
802 302 964 339 Penelopa,

83 344 185 381 s'irce,
202 345 304 374 Circa.
327 345 367 375 V.
385 344 472 374 Voss.
490 345 527 374 de
541 345 634 374 Anal.
655 344 700 377 ΙΙ,
715 346 746 379 2,
763 349 792 373 et
808 344 914 373 Heins.
927 343 964 373 ad

81 386 168 426 Virg.
179 387 253 416 AEn.
273 387 339 424 III,
356 387 429 422 386,
445 387 498 417 ubi
513 388 603 417 etiam
620 387 759 426 exempla
779 397 795 416 e
813 386 965 427 prosaicis.

82 428 223 466 Iaibrarii,
240 430 293 470 qui
308 430 364 460 hoc
379 430 560 466 nesciebant,
578 440 593 459 e
610 429 760 460 Plzaem'cci
775 429 870 459 fecere
886 430 964 458 Poe-

79 471 156 507 ticet,
177 472 258 502 unde
274 473 443 502 Manutius
463 472 532 502 fecit
555 473 725 509 Plzoexzicla,
742 482 834 512 quem
855 471 964 501 deinde

80 514 131 544 alii
146 515 239 544 secuti
254 521 333 545 sunt.

123 558 271 596 Phryges,
286 557 392 598 populi
407 558 492 587 Asiae
508 558 649 587 Minoris.

122 601 275 639 Phrygia,
292 601 373 641 regio
389 600 472 630 Asiae
485 600 627 637 Minoris,
639 601 677 630 ad
688 601 921 641 Hellespontum
935 607 964 631 et

82 643 226 682 AEgaeum
240 653 332 673 mare.

123 687 246 724 Phthia,
259 687 332 716 urbs
348 685 542 717 Phthiotidis.
559 686 725 716 Thessaliae
744 687 858 728 parti33
882 686 963 717 unde

84 729 239 767 Plzelzz'ottz,
256 728 350 759 Tusc.
369 728 432 766 Qu.
450 729 478 766 Ι,
498 729 546 758 lo.

123 773 258 801 Picenus
276 782 358 810 ager,
376 772 406 800 in
424 770 524 809 Italia,
542 772 679 802 Umbriae
695 771 841 807 confinis;
867 772 919 812 qui
933 778 962 801 et

83 815 195 844 Picens
215 824 303 854 ager,
319 813 356 843 de
371 814 486 844 Senect-
504 815 535 851 4,
552 820 592 846 (v.
611 816 710 844 Graev.
726 820 756 844 et
770 815 847 844 viros
861 814 963 844 doctos

79 856 118 886 ad
133 857 158 886 F
160 857 215 887 lor.
230 858 257 892 I,
272 855 325 895 19)
342 856 412 886 item
429 857 622 887 Picentinus.
651 858 804 894 Picentes,
820 867 875 897 pro
885 857 962 887 Suu.

80 901 120 935 83
145 899 183 929 ad
198 900 266 929 Att.
284 899 364 936 VII,
378 900 429 928 26.

121 943 327 979 Pindenissae,
341 942 379 971 ad
390 942 454 971 Att.
466 942 507 980 V,
519 943 571 980 20,
583 943 654 972 urbs
664 942 961 980 Eleutherocilicum,

79 986 302 1025 expugnatione
317 985 468 1015 Ciceronis
483 985 651 1022 nobilitata,
667 996 736 1026 quae
750 990 779 1014 et
796 986 962 1015 Pindenis-

79 1037 131 1058 sus
146 1028 266 1065 dicitur,
280 1027 319 1057 ad
335 1027 408 1056 Div.
421 1027 469 1063 ΙΙ,
489 1028 537 1057 10.

123 1072 275 1108 Piraeeus,
291 1076 396 1111 portus
411 1070 606 1100 Atheniensis
621 1076 649 1099 et
664 1080 769 1111 pagus.

123 1115 306 1151 Pisaurum,
333 1112 480 1153 oppidum
501 1112 639 1143 Umbriae
659 1113 859 1151 maritimum,
881 1115 962 1154 quod

78 1156 296 1197 praeterlabitur
315 1156 425 1185 fluw'us
446 1155 631 1196 cognominis
653 1156 815 1186 Pisaurus.
848 1158 961 1187 Pisau-

78 1200 186 1234 rensis,
202 1199 241 1228 ad
254 1199 322 1229 Att.
341 1198 388 1234 H,
405 1199 434 1233 7.

123 1243 259 1278 Pisidia,
276 1241 357 1281 regio
366 1241 451 1270 Asiae
466 1240 608 1278 Minoris,
625 1240 819 1282 Pamphyliae
829 1248 858 1272 et
874 1242 961 1273 Isau-

80 1285 133 1315 riae
147 1285 271 1314 confinis
283 1295 293 1319 ς
318 1295 336 1314 a
350 1283 410 1324 quel
422 1283 539 1312 Pisida>
554 1283 705 1313 dicuntur.

124 1329 298 1364 Placentia,
322 1328 394 1356 urbs
425 1326 534 1356 GaJJiae
563 1326 735 1365 Cisalpinae,
766 1327 854 1357 hodie
882 1329 960 1358 Pia-

77 1381 184 1408 ceuza,
197 1370 229 1399 in
244 1369 412 1400 confluente
428 1368 508 1398 Padi
523 1374 552 1399 et
566 1369 707 1405 Trebiae;
731 1370 812 1400 unde
827 1371 960 1401 Placen-

79 1414 148 1443 tini.

124 1457 268 1492 Plataeae,
284 1457 356 1486 urbs
371 1456 496 1485 Boeotiae
508 1455 626 1485 nobilis.

124 1500 324 1535 Plutonium,
340 1498 377 1528 de
392 1498 464 1527 Div.
481 1496 509 1535 Ι,
527 1498 580 1535 36,
602 1498 751 1538 templum
767 1498 908 1530 Plutonis
928 1502 960 1531 in

81 1541 193 1582 Lydia,
217 1548 247 1572 et
261 1541 385 1582 quidem
401 1541 432 1569 in
450 1551 529 1581 pago
542 1540 711 1578 Acharacssi,
730 1541 783 1581 qui
803 1548 847 1572 est
866 1542 898 1572 in
914 1543 961 1574 viix

79 1584 157 1614 inter
173 1584 292 1614 Tralles
307 1590 337 1613 et
352 1583 482 1623 Nysam.

123 1627 291 1664 Pollentia,
307 1625 345 1656 ad
360 1625 432 1655 Div.
448 1624 512 1662 XI,
528 1626 578 1664 13,
587 1626 668 1656 Phil.
684 1625 748 1663 XI,
765 1627 796 1664 6,
812 1628 959 1668 oppidum

80 1669 214 1709 Liguriae
228 1679 318 1710 supra
332 1669 459 1705 Albam,
475 1668 559 1698 haud
573 1669 676 1709 procul
691 1669 806 1700 Tanari
820 1680 854 1701 ac
863 1671 960 1702 Sturae

75 1712 308 1742 confluentibus.

122 1755 270 1794 Pompeia
290 1755 354 1787 via,
365 1755 451 1785 Vei-r.
461 1753 519 1793 VI,
536 1754 588 1791 66,
606 1754 652 1784 via
667 1755 697 1784 in
714 1755 815 1786 Sicilia
830 1761 895 1796 post
912 1767 961 1786 ur.

82 1798 150 1827 bem
168 1797 351 1827 Messanam.
