1122 1868
118 50 182 80 348
334 49 484 80 INDEX
507 49 794 82 HISTORICUS.

164 136 206 166 L.
224 136 354 175 Rabius,
367 135 513 171 Verr.II,
530 136 582 165 34.
606 135 778 173 Marianus,
794 135 957 176 transfugit
967 135 1006 166 ad

123 179 355 210 Mithridatem:
382 180 419 209 ab
432 189 466 209 eo
481 189 551 208 cum
569 179 605 208 L.
618 179 726 219 Magio
738 179 868 209 mittitur
883 179 922 209 ad
937 180 1007 209 Ser-

120 222 253 252 terium:
270 222 387 263 prodito
396 221 504 251 deinde
517 221 707 259 Mithridate
720 221 759 252 ad
773 222 927 252 Romanos
942 221 1009 252 red-

121 265 167 301 iit,
189 271 218 295 et
234 266 343 295 Romae
364 271 393 295 et
413 263 526 304 Myndi
551 264 707 294 habitavit.
739 265 892 295 Asconius
916 264 1008 295 habet

123 309 287 344 ΡΙια)ιιιι.ς,·
311 308 392 338 unde
408 308 554 338 Fannzus
575 307 669 337 edidit
692 307 727 337 P.
750 307 931 337 Manutius·
956 307 1008 338 alii

123 352 253 381 Γαὸιιιε.
277 352 412 392 Appian.
440 350 519 381 Bell.
547 350 689 380 Mithrid.
713 361 742 390 p.
760 351 833 380 364.
850 350 895 380 ed.
922 349 1008 380 Το11.

125 400 181 424 Δυο
198 399 318 431 Λουκιοι,
337 399 384 423 Ma
388 405 473 427 νιοςτε
491 396 565 427 (non
582 394 771 430 illummzus,
788 399 822 423 ut
835 393 1006 423 Hotoman-

124 447 182 467 nus
199 436 311 477 profert
326 436 363 466 ad
381 436 442 466 Cic.
460 436 481 465 1.
497 442 534 472 c.)
553 449 598 465 και
616 440 723 473 Φανιος,
739 435 914 476 λΙιΞῙριὸατ-ηπ
931 449 1008 466 enet-

122 482 170 509 θον
186 490 377 520 συμμαχησαι
396 491 437 514 τῳ
456 484 612 517 Σερτωριῳ,
630 480 687 508 &c-

167 523 375 557 Rabocentus,
393 521 495 550 Pison.
513 522 566 550 31.
592 521 723 552 Bessicae
742 520 839 561 gentis
854 521 1005 563 princeps,

123 576 142 596 a
157 565 195 595 L.
213 565 322 595 Pisone
337 563 431 594 securi
447 574 604 602 percussus
620 570 672 594 est.

166 609 207 638 L.
226 608 397 644 Rabonius,
424 605 512 636 Verr.
528 605 574 644 ΙΙ,
596 608 647 637 50.
676 606 748 637 aedis
775 605 906 638 Castoris
929 612 1009 638 sarta

125 657 202 682 tecta
218 657 330 687 tuetur,
345 651 401 680 &c-

166 694 206 724 L.
226 695 382 729 Racilius,
404 691 492 722 Verr.
513 691 580 727 ΙΙΙ,
600 692 649 721 12.
671 692 710 722 ad
726 692 797 723 Div.
816 691 843 729 Ι,
861 693 890 728 7.
912 694 1010 724 tribu-

123 747 181 767 nus
191 736 299 776 plebis,
317 736 498 766 Marcellino
513 741 542 766 et
552 735 696 777 Philippo
706 746 778 766 coss.
792 736 841 766 Cf.
850 736 889 766 ad
900 737 941 775 Q.
957 737 1011 769 Fr.

126 779 173 816 ΙΙ,
195 781 220 808 l.

166 822 299 859 Rarius,
313 822 360 852 vel
376 821 508 859 Παπίας,
525 822 590 851 Att.
606 821 690 860 XII,
704 823 756 853 21.
771 821 871 852 forsan
886 822 1012 853 libertus

124 870 178 895 aut
201 875 304 895 servus
331 865 430 895 Bruti.
456 865 549 895 Ranii
567 874 678 895 nomen
706 865 834 896 occurrit
855 865 887 895 in
910 865 1012 906 lapide

125 908 208 949 apud
222 908 399 938 Gruterum.

169 952 307 982 Rebilus.
325 951 405 982 Vide
424 951 456 981 T.
472 952 613 981 Caninius
631 952 768 982 Rebilus.

170 995 319 1033 Regillus,
343 1004 510 1034 cognomen
536 994 745 1024 AEmiliorum.
764 995 832 1025 Att.
850 994 931 1032 XII,
956 996 1007 1025 24.

125 1037 206 1068 filius
223 1037 343 1078 Lepidi,
370 1037 423 1078 qui
447 1048 517 1068 cum
539 1037 602 1075 Qu.
620 1036 731 1068 Catulo
755 1039 859 1069 consul
882 1038 952 1077 fuit,
968 1039 1011 1068 A.

128 1082 201 1116 675.

171 1124 326 1163 chz'nus,
351 1123 420 1153 Att.
438 1123 482 1159 X,
508 1125 556 1154 13.
578 1122 661 1153 Mari
685 1123 788 1154 Infero
808 1123 978 1164 praefectus,
995 1135 1014 1154 a

126 1167 264 1207 partibus
290 1166 548 1207 Pompeianorum
572 1171 624 1196 est.
651 1165 785 1197 Corrado
810 1166 927 1197 videtur
951 1178 1013 1198 esse

128 1210 166 1239 L.
184 1209 339 1240 Minutius
363 1209 495 1244 Basilus,
521 1219 613 1250 quem
636 1209 693 1240 hoc
715 1210 850 1240 muneris
872 1210 1013 1241 habuisse

126 1253 256 1284 Orosius
274 1252 377 1289 tradit,
393 1252 446 1282 lib.
464 1252 527 1289 VI,
545 1262 570 1282 c.
590 1254 638 1282 15.

170 1297 208 1326 L.
228 1296 379 1335 Regulus,
392 1295 431 1325 ad
447 1295 518 1325 Div.
530 1295 633 1332 XIII,
646 1298 696 1325 60.
711 1306 727 1326 e
743 1295 895 1326 Livineis.
915 1295 1012 1336 (unde

126 1340 192 1377 ejus
207 1339 332 1369 libertus
344 1338 472 1379 Trypho
488 1338 525 1368 L.
540 1338 697 1369 Livineius
707 1339 829 1378 dicitur)
842 1339 1012 1370 familiaris-

127 1382 223 1412 simus
240 1381 401 1412 Ciceronis.

171 1426 224 1454 Μ.
244 1424 303 1464 Reg
309 1426 391 1461 ulus,
408 1424 473 1455 Off.
489 1424 516 1461 I,
534 1427 582 1455 13.
599 1424 716 1455 Punico
725 1425 805 1456 bello
814 1425 924 1466 primo,
941 1435 1011 1466 cap-

128 1473 178 1498 tus
193 1477 211 1497 a
228 1467 340 1505 Poenis,
357 1467 394 1497 de
409 1467 632 1498 commutandis
648 1468 772 1508 captivis
793 1469 926 1499 Romam
942 1469 1014 1498 mit-

129 1510 213 1540 titur.
239 1510 339 1540 Pison.
363 1515 409 1541 19.
431 1512 496 1550 ejus
511 1511 704 1551 supplicium.
730 1511 796 1541 Att.
814 1511 881 1550 ΙΙΙ,
912 1512 959 1547 17.
985 1518 1015 1542 et

129 1553 167 1583 cf.
186 1553 232 1582 M.
253 1553 384 1583 Arlilins.

173 1596 300 1632 Remus,
316 1596 388 1627 Div.
406 1596 433 1633 I,
456 1597 506 1632 47.
524 1596 693 1637 auspicium
705 1597 794 1637 capit.
813 1596 860 1634 ΙΙ,
872 1598 923 1628 20.
942 1608 1013 1628 cum

127 1637 219 1668 fratre
234 1639 368 1669 Romulo
380 1646 409 1670 et
419 1640 521 1670 altrice
536 1641 649 1679 bellu-52,
663 1640 692 1670 vi
707 1640 844 1671 fulminis
859 1641 935 1672 ictus
947 1650 1018 1671 oon-

131 1681 214 1712 cidit.

175 1725 320 1764 Remora,
343 1725 450 1758 Divin.
467 1725 496 1765 I,
515 1728 565 1756 47.
580 1726 722 1757 dubitant
738 1726 892 1758 Romulus
912 1732 941 1758 et
957 1727 1019 1759 Re-
