1137 1848
285 68 434 100 INDEX
458 67 856 99 GRAECO-LATINUS.
948 68 1012 98 489

162 160 215 186 Συιι
227 157 285 192 {my
297 167 340 184 τοι
354 160 443 191 λεγω,
454 156 531 184 Diis
538 155 735 194 juvantibus,
744 155 822 191 dico,
836 154 875 184 ad
887 151 953 183 Att-
966 153 1012 191 X,

133 199 182 227 10.
204 184 365 227 Manutius
379 197 443 227 hac
457 197 617 245 distinguit
631 198 690 227 sic:
712 209 758 227 συν
773 208 842 233 zea.
861 203 907 226 Tm
925 201 1016 233 λεγω,

129 247 165 270 111
180 240 232 270 illa
247 251 316 270 cum
333 240 536 280 supe1i0n'bus
551 241 785 280 conjungantur,
801 239 858 270 hoc
874 239 932 270 sit:
957 240 1016 269 tibi

132 284 204 313 dico.
227 283 376 313 Doricum
391 283 469 313 illud
485 295 528 312 τοι
544 283 644 323 arguit
664 293 726 313 esse
746 283 928 323 particulam
950 282 1015 312 noti

130 332 197 356 tum
214 326 361 356 versiculi.

171 376 354 406 Συνηγωνιων,
370 378 438 398 cum
452 370 502 398 zllo
519 370 692 405 moerebam,
709 368 747 398 ad
764 369 829 398 Att.
841 369 871 399 V
875 390 884 405 ,
905 370 953 398 12.

173 418 293 449 Συνναοι,
309 413 551 450 contubernales,
571 412 610 441 ad
625 414 693 442 Att.
710 412 793 449 XII,
811 413 862 441 45.
885 411 934 442 Sic
950 411 1015 452 ipse

129 454 208 483 hanc
223 463 326 484 vocem
342 454 556 495 interpretatur
570 454 686 492 Cicero,
698 454 751 484 lib.
768 453 869 491 XIII,
883 455 934 484 28.
948 455 1016 484 Cae-

131 502 230 526 terum
247 496 301 526 Dii
319 509 424 526 συνναοι
441 503 522 535 sunt,
539 497 592 537 qui
613 497 727 537 templo
743 497 898 527 communi
913 497 1018 527 colun-

133 545 194 577 tur,
211 538 323 569 similes
338 538 407 569 Diis
424 540 578 579 παρεδρως,
594 542 631 570 de
646 540 757 580 quibus
774 539 844 569 Diis
859 541 1019 579 ⁷ra5.›÷8p01;·,

130 583 340 619 assessoribus,
361 592 385 611 s.
405 583 682 619 contubernalibus,
706 588 750 612 est
773 583 877 612 doctus
895 582 1018 612 libellus

132 624 179 654 Cl.
194 625 333 654 Arnaldi.
357 625 437 655 Sunt
452 625 544 654 etiam
562 626 722 663 συμβωμοι.
745 626 786 656 V.
800 625 964 665 Spanhem.
981 624 1019 655 de

130 667 198 697 Usu
215 674 243 698 et
259 668 365 697 Praest.
382 667 478 697 Num.
497 667 580 697 Diss.
593 668 636 704 X,
648 679 678 708 p.
703 669 773 697 130.
798 667 883 698 Dicti
896 667 1017 698 Cicero-

129 710 225 749 niani,
241 721 303 752 quo
324 711 474 741 Caesarem
491 711 610 740 mavult
630 711 765 748 Quirini,
783 721 910 751 quam
893 710 1018 746 Salutis,

130 765 252 787 συνναον,
267 753 330 783 haec
346 754 389 783 vis
405 759 469 784 est:
494 754 586 783 malle
602 763 633 783 se
653 755 803 784 Caesarem
826 760 947 793 propter
970 759 1019 793 ty-

130 796 300 834 rannidem,
316 802 351 825 ut
372 796 545 826 Romulum
567 802 689 836 propter
712 796 858 827 severiora
879 796 1018 837 imperia,

130 838 269 877 interfici,
286 849 380 880 quam
395 839 513 869 salvum
535 838 587 868 diu
604 849 676 869 esse.

174 882 295 916 Συνοδια,
310 883 508 921 colloquium,
525 881 563 911 ad
579 880 694 911 Atal(
663 882 694 912 X
699 904 707 919 ,
725 882 755 917 7.

172 929 337 962 Συνταγμα,
359 936 446 964 opus,
463 925 648 964 compositio,
665 924 704 955 ad
720 924 794 955 Div.
811 923 909 964 VIII,
926 925 958 954 3.
981 923 1021 955 ad

130 969 199 997 Att.
218 966 300 1006 XII,
317 970 367 998 45.
391 967 487 1004 XVI,
504 971 534 998 3.

175 1012 322 1050 Συνταξις,
338 1012 432 1049 idem,
449 1010 488 1040 ad
504 1011 569 1040 Att.
584 1009 684 1047 XIII,
703 1011 752 1040 16.
775 1011 853 1049 XV,
871 1013 922 1041 14.

175 1058 224 1082 Συυ
237 1066 269 1083 τε
287 1054 326 1084 δυ’
342 1065 459 1095 ερχομε
450 1066 495 1088 ω,
508 1053 722 1093 complendum
738 1064 776 1084 ex
787 1054 916 1084 Homeri
932 1052 1021 1083 Iliad.

134 1100 169 1133 Κ,
186 1097 260 1133 224,
287 1110 333 1126 και
358 1109 390 1125 τε
413 1108 466 1135 προ
489 1098 501 1125 ὁ
524 1108 572 1125 του
596 1108 703 1129 ενοησεν
718 1097 841 1130 Οππως
863 1095 959 1136 κερδος
980 1108 1024 1138 σῃ,

133 1139 308 1180 duobusque
328 1140 424 1169 simul
437 1139 588 1175 euntibus,
606 1140 685 1168 alter
700 1141 833 1169 alterum
844 1140 1023 1178 proevcrtis-

129 1187 173 1211 set
195 1184 368 1222 cogitando,
391 1183 471 1222 quod
494 1192 509 1212 e
524 1192 556 1212 re
572 1181 669 1221 joret,
693 1182 732 1212 ad
753 1182 828 1212 Div.
850 1181 913 1220 LX,
930 1183 960 1217 7.
983 1182 1022 1212 ad

131 1224 201 1254 Att.
219 1227 281 1263 IX,
299 1228 329 1256 6.

173 1271 319 1308 Συντηξις,
343 1273 428 1297 arcta
453 1269 631 1298 animorum
659 1268 844 1308 conjunctio,
870 1273 898 1298 et
927 1269 1017 1308 quasi

128 1313 363 1350 conglutinatio,
381 1310 420 1340 ad
434 1313 501 1341 Att.
518 1312 562 1349 X,
580 1313 609 1341 8.

172 1359 314 1393 Συντομα,
328 1356 546 1392 compendiose,
560 1355 680 1393 paucis,
697 1354 737 1384 ad
750 1354 820 1384 Att.
836 1352 918 1393 VII,
933 1357 965 1384 3.

173 1402 294 1436 E‡xxpoz‚
309 1398 425 1437 globus,
443 1397 516 1427 Nat.
530 1397 571 1426 D.
589 1396 635 1433 II,
655 1400 704 1428 18.

172 1441 357 1479 Σφαιροειδες,
368 1440 535 1478 globosum,
548 1439 586 1470 de
604 1439 696 1470 Univ.
715 1440 744 1470 G.

170 1487 311 1520 Σῇαλμα,
325 1489 478 1518 erratum,
493 1484 610 1521 lapsztS,
627 1483 665 1512 ad
683 1485 747 1512 Att.
763 1483 807 1520 X,
829 1486 876 1513 12.

172 1523 342 1564 Σχεδιαζειν,
368 1527 496 1556 scribere
515 1527 596 1565 quod
611 1526 707 1555 subito
722 1527 758 1556 in
773 1532 904 1556 mentem
919 1526 1010 1564 venit,

131 1566 169 1596 ad
186 1565 252 1596 Att.
272 1568 333 1606 VI,
356 1572 379 1599 ι.

170 1610 349 1650 Σχεῖικσμχ,
365 1612 503 1642 subitam
518 1612 701 1648 consilinum
724 1622 771 1642 res
789 1623 853 1642 non
870 1613 946 1642 satis
959 1622 1009 1642 co-

126 1654 223 1691 gitate
237 1659 387 1693 suscepta,
404 1655 443 1686 ad
459 1656 524 1684 Att.
535 1653 612 1691 XV,
632 1655 680 1685 19.

170 1701 326 1737 Σχηματα,
342 1698 564 1728 sententiarum
585 1699 790 1738 orationisque
798 1699 934 1738 jbrmae,
952 1698 1014 1728 site
