1122 1868
157 59 200 88 22
430 58 577 91 INDEX
601 59 776 92 LEGUM.

156 143 290 184 populus
308 142 363 174 hos
384 144 548 176 sacerdotes
571 146 689 185 faceret,
711 156 838 187 eamque
857 148 896 177 ob
918 156 1040 178 causam

158 186 263 216 eadem
283 186 333 216 lex
359 187 515 228 antiquata
537 195 622 225 esset,
643 199 714 220 cum
737 199 804 220 eam
827 189 868 226 Q.
885 190 1039 228 Maximo,

156 228 248 259 fratre
273 229 430 269 Scipionis,
459 237 488 260 et
512 231 550 261 L.
578 231 724 262 Mancino
753 242 825 262 coss.
854 232 969 262 tulisset
1001 234 1039 263 L'.

158 271 294 302 Licinius
310 273 445 310 Crassus,
468 273 518 307 (de
533 274 659 304 Amicit.
676 284 700 304 c.
717 274 773 312 ’5)
797 275 875 305 hanc
890 275 1041 315 religionis

157 314 341 344 calumniam
357 321 391 345 ut
412 316 518 345 vitaret
540 316 706 354 Domitius,
723 317 779 347 hoc
794 317 853 357 legi
868 317 988 356 adJecit,
1005 323 1040 348 ut

156 356 259 387 XVII
277 363 396 387 tantum
421 358 527 395 tribus,
544 366 620 389 sorte
640 360 748 397 duetae,
771 359 934 390 sacerdotes
957 370 1039 390 crea-

160 405 235 429 rent.
260 400 300 430 V.
318 400 394 440 Agr.
412 400 457 438 ΙΙ,
474 402 513 436 73
539 402 592 442 qui
608 408 650 432 est
665 403 747 432 iocus
761 402 798 432 de
818 402 874 432 hac
888 413 919 432 re
935 402 1038 432 classi-

157 451 219 471 cus.
243 443 369 473 Sublata
385 450 428 473 est
443 444 473 473 h
470 454 506 473 ec
520 445 570 474 lex
585 455 603 474 a
616 445 755 475 L'ornelio
770 447 799 475 S·
795 445 867 482 111-22,
883 446 946 484 lege
964 447 1037 476 Cor-

155 483 235 515 οισίιᾶ
257 487 292 515 de
318 487 510 523 Sacerdotzis,
535 487 698 517 nobilitatis
721 498 822 517 amore
844 488 917 525 lata,
936 498 954 518 a
974 498 1036 528 quo

154 528 261 557 multae
280 528 347 558 aliae
366 530 430 567 ejus
445 530 525 569 leges
545 530 684 569 profectae
699 537 778 560 sunt.
804 530 863 561 Sed
881 530 945 560 haec
960 540 1037 571 quo-

156 580 217 610 que
241 571 333 610 paulo
348 578 414 611 post
429 582 447 601 a
471 572 606 602 Labieno
622 573 689 602 trib.
706 574 747 613 pl.
765 573 804 603 A.
814 573 854 603 U.
874 574 948 611 691,
965 574 1036 603 51111-

155 613 227 651 lata,
245 619 274 643 et
288 615 431 644 Domitia
448 615 585 645 restituta
606 622 659 645 est.
682 615 709 644 E
728 616 807 646 Phil.
825 616 872 653 ΙΙ,
886 617 916 653 2,
933 622 1036 646 autem

155 661 248 695 patet,
265 656 320 687 hoc
336 664 607 698 temperamentum
623 658 793 688 adhibitum
808 668 880 695 esse,
896 664 931 688 ut
946 659 1006 688 duo
1021 668 1038 688 e

154 698 279 739 collegio
302 700 501 737 nominarent,
525 700 666 741 populus,
689 711 726 730 ex
748 701 794 731 his
817 700 870 741 qui
891 700 1039 731 nominati

157 747 265 779 essent,
290 743 410 782 legeret.
433 743 514 773 Eam
532 743 719 773 confinnavit
742 744 779 774 C.
799 743 905 774 Julius
925 744 1036 780 Caesar,

154 783 249 814 donee
271 784 319 814 M.
337 785 488 815 Antonius
511 786 576 826 lege
595 785 656 815 lata
672 786 801 826 collegiis
819 786 870 825 jus
885 796 976 816 suum
991 795 1037 815 re-

155 826 261 856 stituit.
287 828 328 858 V.
353 828 481 858 61111161.
502 828 539 858 (16
558 828 627 858 Jur.
643 829 730 858 Pont.
754 829 782 867 Ι,
806 830 837 866 8,
863 828 900 859 Ρ.
922 828 1038 859 Manu-

156 869 234 898 tium
249 869 286 899 de
304 870 450 910 Legibus,
467 876 495 901 et
506 870 544 900 ad
557 871 655 911 Epist.
673 871 711 901 ad
726 872 815 902 Brut.
832 873 861 900 5.

196 913 372 943 Duodecim
394 914 485 944 Tabb.
506 915 583 953 leges
598 924 616 944 a
636 913 810 944 decemviris
822 913 969 944 consulari
984 923 1039 954 po.

153 959 270 993 testate,
294 967 332 986 eae
355 958 419 996 lege
440 955 596 994 Terentid,
618 957 687 986 latae
707 962 777 986 sunt
801 957 841 987 A.
861 956 901 986 U.
923 956 986 986 303
1008 961 1038 986 et

154 998 217 1027 304
232 1009 240 1028 τ
265 998 302 1029 (16
317 1000 379 1040 qua
394 1010 425 1030 re
439 1009 498 1030 non
515 1006 559 1029 est
569 1005 604 1029 ut
615 1000 712 1030 multa
724 999 867 1029 dicamus.
890 998 952 1028 Vid
968 998 1037 1028 Liv.

153 1040 222 1078 III,
239 1041 292 1079 31,
310 1052 355 1083 sq.
374 1042 579 1082 Pomponium
594 1042 631 1072 de
647 1041 687 1072 Ο.
703 1042 736 1072 J.
749 1047 778 1071 et
794 1042 831 1071 ad
847 1042 929 1071 hunc
943 1041 1037 1079 Cuja-

154 1082 235 1112 cium
254 1084 307 1124 (ad
318 1085 431 1115 calcem
447 1085 564 1115 Observ
566 1083 634 1122 att.)
659 1090 687 1114 et
698 1083 1013 1125 Bynckershoekium
1005 1093 1038 1113 111

154 1125 342 1165 Opusculis;
366 1134 401 1157 ut
424 1133 544 1157 caeteros
563 1127 750 1163 omittamus,
768 1127 821 1165 qui
842 1128 920 1165 juris
943 1126 1036 1155 Rom.

153 1167 308 1198 historiam
338 1169 490 1210 scripsere.
528 1170 670 1209 Ipsarum
700 1169 728 1199 T
732 1170 800 1199 abb
827 1169 998 1209 fragmenta
1021 1178 1037 1199 e

152 1210 237 1240 libris
253 1212 402 1242 veteribus
414 1212 504 1242 multi
516 1213 671 1252 collegere,
684 1222 759 1252 quos
771 1222 875 1242 01111165
874 1194 958 1241 ovicit
968 1211 1037 1241 Jac-

153 1252 357 1284 Gothofredus
381 1255 412 1284 in
438 1254 682 1296 praestantissimo
708 1254 810 1284 libello
839 1254 877 1284 de
908 1259 1037 1294 quatuor

152 1295 285 1326 fontibus
305 1297 390 1335 juris.
416 1298 483 1327 Has
505 1298 621 1327 tabulas
644 1297 757 1327 fontem
778 1296 876 1327 omnis
894 1307 964 1326 cum
979 1307 1036 1337 pu-

150 1338 221 1368 blici
237 1345 303 1368 tum
318 1340 426 1379 privati
435 1341 512 1379 juris
527 1340 660 1370 Romani
671 1347 748 1370 recte
760 1340 914 1380 appelles;
939 1339 1035 1378 iisque

151 1380 229 1420 insi(o
219 1391 269 1411 ne
293 1382 425 1422 pretium
449 1383 552 1413 L'icero
575 1382 687 1413 statuit.
710 1382 784 1420 Eas,
804 1382 829 1412 si
852 1381 926 1423 quid
946 1391 983 1411 ex
998 1381 1035 1411 iis

150 1422 268 1453 definiri
284 1434 344 1454 non
359 1435 444 1465 posse
459 1425 628 1463 videbatur,
651 1425 790 1466 supplere
806 1430 943 1465 poterant
957 1434 1034 1464 prae-

150 1470 227 1495 tores
243 1466 356 1505 edictis,
374 1478 389 1497 e
405 1468 539 1516 quibus
528 1479 579 1507 Jus
590 1467 786 1497 honorarium
802 1473 902 1497 ortum
918 1473 972 1504 est,
989 1466 1034 1496 uti

152 1509 334 1548 appellatur,
358 1521 385 1540 v.
408 1521 433 1540 c.
453 1511 484 1540 in
506 1511 641 1540 Institut.
668 1510 1033 1546 Just1nL.11,4,10.

153 1552 372 1591 Supplementa
386 1553 483 1583 fecere
498 1553 587 1583 etiam
601 1553 688 1583 tribb.
702 1552 797 1593 plebis
812 1552 924 1592 aliique
939 1551 1035 1591 magi-

150 1598 272 1631 stratus,
283 1594 400 1634 legibus
410 1596 446 1625 de
453 1596 475 1625 J
478 1606 531 1626 ure
539 1595 629 1625 L'ivili
638 1595 782 1625 terendis:
789 1594 959 1633 cujusmodi
965 1599 1036 1624 sunt

152 1635 182 1664 V
184 1637 298 1673 oconia,
316 1637 341 1666 F
344 1638 419 1675 uria,
444 1638 590 1675 Falcidia,
606 1637 757 1680 Aqusslia,
773 1643 803 1668 et
824 1646 940 1675 omnes,
965 1646 1034 1678 quae

145 1678 223 1716 juris
239 1679 347 1718 privati
362 1686 441 1710 sunt.

191 1721 321 1761 Ebutia,
346 1723 406 1753 vid.
423 1724 569 1754 AEbucz‘a.

996 1721 1009 1729 ,-
