1122 1868
130 65 189 95 188
319 103 323 108 ¹
342 63 492 95 INDEX
515 62 801 97 HISTORICUS.

125 150 255 187 roribus,
269 154 299 179 et
314 149 432 181 duobus
448 150 602 182 fratribus.
625 151 675 182 De
685 161 746 192 quo
763 151 824 183 vid.
840 151 878 182 P.
894 151 1011 184 Manm

126 194 216 231 tium⁷
233 193 270 222 ad
288 191 353 223 Cic.
370 193 390 223 l.
407 203 432 223 c.

167 237 251 275 App.
271 237 435 273 Claudius,
452 236 487 267 C.
505 236 597 273 filius,
610 237 687 276 ejus,
709 237 763 278 qui
782 237 822 267 P.
839 237 939 268 Clodii
951 238 1012 269 fra-

123 285 169 309 ter
184 279 251 309 fuit.
275 279 360 309 Nam
381 279 406 309 is
428 279 504 309 duos
525 280 601 310 filios
622 280 727 310 eodem
747 281 869 310 nomine
891 281 1010 319 habuit,

123 332 255 362 quorum
281 322 355 352 alter
374 322 481 361 major,
509 322 583 353 alter
605 325 708 352 minor
732 323 851 354 dicitur.
879 324 1012 355 Minoris

123 365 237 394 mentio
261 364 295 394 fit
321 365 359 394 ad
383 365 456 395 Div.
474 365 575 402 VIII,
600 367 629 395 8.
654 366 692 396 ad
714 376 806 406 quem
825 367 926 397 locum
951 367 1012 397 vid.

123 407 248 437 Manut.
264 407 302 436 ad
319 407 390 437 Div.
407 407 469 444 XI,
489 410 540 437 22..
555 419 586 438 se
601 419 671 438 cum
688 409 823 439 Antonio
839 410 1009 449 conjunxit,

121 456 244 490 propter
264 450 356 489 patris
376 451 614 487 restitutionem3
641 452 691 482 sed
710 452 818 482 deinde
839 463 909 482 cum
933 453 1012 493 opti-

121 502 151 522 m
157 493 255 522 atibus
270 493 348 523 fecit.
373 493 437 531 Qui
453 500 557 524 utrum
569 495 666 534 major
679 505 718 525 an
730 495 829 525 minor
843 495 945 533 fuerit,
958 506 1013 536 pa-

123 545 193 565 rum
209 535 347 565 dixerim.

164 579 205 608 A.
228 579 393 616 Claudius,
409 579 495 608 Verr.
518 578 584 617 ΠΙ,
606 581 657 616 57.
688 580 820 617 Siculus,
842 591 861 610 a
880 579 1011 611 Claudio

121 621 253 661 quodam
275 621 394 651 civitate
414 621 554 659 donatus,
576 622 638 652 sive
661 633 678 652 a
701 623 868 662 majoribus
888 630 1010 664 accepto

120 664 254 701 nomine,
271 664 324 704 qui
337 665 387 703 jus
408 664 535 695 civitatis
556 675 610 705 per
628 664 794 697 Claudium
810 666 944 707 aliquem
959 677 1008 697 ac-

121 713 278 746 ceplssent.
866 711 870 716 ’

166 751 201 780 C.
222 751 388 787 Claudius,
401 760 424 780 s.
438 751 576 788 Clodius,
588 749 670 782 Caeci
684 752 776 789 filius,
794 751 883 781 Brut.
899 753 946 782 18.
959 752 1008 782 M.

120 792 270 822 Tuditani
290 793 404 833 collega
424 793 456 822 in
477 794 635 825 consulatu
657 795 715 836 (A.
738 795 779 825 U.
799 794 888 834 514.)
914 795 1008 825 Tusc-

122 835 152 873 I,
173 838 200 864 1.

165 880 201 909 C.
216 879 383 915 Claudius,
402 879 438 908 Ρ.
457 878 558 910 OEodii
573 890 658 919 avus,
674 880 773 920 Appii
795 879 918 911 Claudii
931 882 1006 921 maj.

118 927 147 951 et
160 922 234 950 min.
251 929 347 962 pater,
366 922 470 952 Plane.
493 924 544 953 21.
566 922 681 954 Consul
700 924 759 953 fuit
777 933 847 954 cum
864 924 914 953 M.
932 924 1006 953 Per-

117 965 211 1004 perna}
225 965 282 1005 (A.
300 965 340 994 U.
358 964 446 1004 661.)
463 966 568 996 Rabir.
593 967 624 1001 7.
646 966 739 996 homo
757 973 874 1007 potens,
890 966 1007 996 medio-

116 1008 172 1038 cris
188 1013 296 1037 orator.
314 1008 402 1037 Brut.
420 1010 471 1039 45.

160 1051 191 1080 C.
216 1051 381 1087 Claudius,
410 1051 447 1081 Ρ.
470 1051 570 1083 Clodii
595 1057 733 1092 patruus,
760 1051 843 1092 App.
872 1051 908 1081 F.
926 1052 1005 1082 Har.

114 1103 192 1133 resp.
212 1094 258 1122 12.
281 1094 344 1132 ejus
360 1094 658 1133 magnificentissima
674 1094 799 1124 aedilitas
821 1094 889 1124 fuit.
914 1095 1002 1125 Verr.

114 1136 157 1173 V,
170 1137 200 1165 4.
225 1135 288 1166 Off.
311 1135 357 1173 ΙΙ,
383 1136 428 1165 16.
448 1144 571 1178 praetor,
591 1137 631 1168 L.
646 1137 765 1168 Licinio
779 1136 887 1168 Crasso
910 1143 939 1167 et
959 1137 1003 1176 Q.

114 1178 223 1209 Mucio
239 1189 310 1209 coss.
331 1179 357 1208 V
359 1189 414 1209 err.
430 1180 496 1219 ΙΙΙ,
513 1182 565 1211 49.

159 1224 190 1252 C.
217 1223 379 1260 Claudius,
403 1221 440 1253 C.
456 1224 492 1253 F.
514 1234 530 1254 e
550 1223 631 1253 tribu
646 1222 803 1261 Palatina,
821 1222 914 1253 homo
936 1223 1002 1264 ple-

114 1264 200 1295 beius
212 1264 249 1294 de
261 1265 381 1295 cohorte
395 1265 533 1296 Verrius.
557 1266 644 1297 Verr.
654 1264 719 1303 ΙΙΙ,
736 1267 790 1296 42.

157 1307 194 1337 L.
216 1309 380 1345 Claudius,
393 1308 430 1338 de
446 1309 581 1350 Harusp.
598 1319 675 1349 resp.
691 1309 721 1338 6.
745 1309 814 1339 Rex
833 1318 998 1346 sacrorum,

113 1350 167 1390 qui
183 1360 253 1380 cum
269 1352 382 1381 caeteris
401 1352 593 1392 pontificibus
613 1352 740 1381 domum
757 1351 910 1382 Ciceronis
930 1351 1001 1381 reli-

113 1392 203 1431 gione
217 1393 364 1423 liberavit.
390 1394 570 1425 Praenomen
585 1395 685 1425 Lucii
700 1394 775 1424 duos
789 1400 910 1424 tantum
925 1403 941 1424 e
955 1394 1001 1424 fa-

112 1434 199 1465 milia
217 1435 347 1466 Claudia
362 1437 496 1478 gessisse,
518 1443 547 1467 et
561 1442 743 1478 usurpatum
760 1438 798 1467 ab
814 1437 849 1467 e&
868 1436 1001 1477 amplius

111 1486 172 1507 non
188 1488 260 1514 esse,
278 1480 360 1519 quod
375 1480 412 1510 de
423 1480 599 1510 criminibus
614 1479 792 1520 capitalibus
801 1479 937 1509 damnati
952 1489 999 1509 es-

110 1526 188 1557 sent,
210 1521 301 1551 tradit
319 1522 481 1553 Suetonius
501 1523 533 1552 in
548 1523 684 1560 Tiberio,
706 1533 730 1553 c.
747 1526 773 1553 l.
803 1521 895 1552 Unde
909 1521 1000 1552 dubi-

111 1568 174 1592 tare
189 1564 257 1603 quis
272 1570 370 1604 posset
385 1565 422 1595 de
443 1565 500 1596 hoc
519 1565 726 1606 praenomine3
750 1565 826 1595 sicut
840 1563 998 1594 Drakenb.

112 1605 151 1634 ad
166 1605 235 1636 Liv.
252 1606 346 1644 XLI,
363 1609 414 1637 21.
435 1608 529 1638 haeret
543 1608 574 1638 in
590 1608 628 1638 L.
647 1607 777 1639 Claudio
791 1606 907 1638 Aser.
937 1607 999 1637 Sed

110 1647 143 1677 id
164 1657 225 1678 non
245 1649 283 1679 de
308 1650 449 1681 omnibus
471 1650 608 1682 Claudiis
629 1650 873 1691 intelligendum,
892 1659 998 1680 verum

111 1695 231 1721 tantum
247 1692 285 1722 de
299 1692 440 1733 patriciis.

154 1735 206 1764 M.
227 1736 390 1776 Claudius,
406 1736 446 1767 ad
460 1736 531 1767 Div.
551 1735 652 1774 VIII,
667 1739 696 1767 4.
717 1747 735 1767 a
749 1734 870 1778 repulsa
889 1740 995 1777 postu-
