1137 1848
273 97 425 129 INDEX
447 97 736 131 HISTORICUS.
893 100 954 136 197

66 182 160 213 fortis.
186 181 239 213 Ad
263 184 454 215 consulatum
477 183 675 226 (secundum)
701 185 836 225 pervenit
862 185 955 227 operst

68 225 105 257 C.
122 226 264 264 Fabricii,
287 227 330 257 A.
349 227 390 257 U.
407 228 480 262 376.

108 270 148 299 Ρ.
169 274 178 297 (
191 271 335 307 ornetius,
357 270 396 300 ad
414 270 485 300 Div.
502 270 603 308 XIII,
628 271 657 300 6.
674 271 793 301 videtur
812 272 950 312 publica-

63 321 122 341 nus
137 322 209 349 esse,
226 313 371 343 societatis
386 313 551 342 Africanae.

107 356 146 385 P.
165 356 336 393 Cornelius,
360 357 399 386 ad
422 356 494 385 Div.
519 355 620 393 XIII,
643 357 691 386 14.
713 357 785 387 civis
808 358 900 388 Rom.
917 358 949 387 in

64 397 168 427 Gallia
184 398 340 439 Cisalpina
354 399 532 439 negotiator.

103 442 142 470 P.
160 440 331 479 Cornelius,
355 442 393 472 ad
418 442 490 471 Div.
516 441 616 478 XIII,
636 443 688 473 36.
703 443 800 473 dictus
816 450 860 473 est
881 444 948 474 De-

63 483 189 513 metrius
205 484 314 525 Megas
335 485 465 521 Siculus,
483 485 564 524 quod
581 486 606 515 ei
628 486 665 515 P.
682 486 841 516 Cornelius
856 486 953 516 Dola-

62 526 142 556 beHa
157 526 308 558 civitatem
327 535 434 569 rogatu
456 527 607 558 Ciceronis
630 539 648 558 a
669 529 788 559 Caesare
807 530 952 570 impetra-

61 575 155 600 verat.

105 614 144 642 P.
163 612 333 651 Cornelius,
357 613 395 644 ad
412 613 484 644 Div.
501 612 600 652 VIII,
617 615 647 644 8.
660 614 730 644 trib.
743 615 785 655 pl.
799 614 848 644 M.
862 615 951 645 Mar-

64 655 140 685 cello
155 660 184 686 et
199 656 262 686 Ser.
279 657 414 698 Sulpicio
429 667 500 687 coss.

105 700 144 728 P.
174 699 345 738 Cornelius,
380 700 470 731 Brut.
501 701 553 729 22.
584 705 629 730 est
657 700 758 741 Scipio
785 700 950 731 Africanus

59 750 169 771 mmor.

106 785 142 820 Q.
161 784 332 821 Cornelius,
355 784 394 814 ad
418 785 491 816 Div.
508 785 588 823 VII,
614 786 662 822 17.
681 785 794 817 JCtus.
816 786 899 824 VII,
917 788 946 817 8.

61 828 99 858 ab
116 837 150 858 eo
165 827 269 857 didicit
280 829 332 867 jus
347 828 518 859 Trebatius.

105 871 143 906 Q.
160 870 330 909 Cornelius,
354 871 393 900 ad
408 872 480 901 Div.
498 872 540 909 V,
557 872 587 902 6.
604 872 702 902 affinis
723 872 760 901 P.
778 872 884 903 Sextii.

104 913 142 949 Q.
161 914 329 953 Cornelius,
355 914 432 944 Har.
450 915 542 955 Resp.
559 916 588 945 6.
608 915 745 955 pontifex
761 915 871 945 minor.

105 956 301 995 Cornicinus,
325 967 376 987 seu
404 957 566 997 Cornicen,
591 958 630 988 ad
655 960 725 988 Att.
756 958 818 995 IV,
843 960 873 987 2.
904 964 950 988 est

59 1009 227 1041 cognomen
243 1000 302 1031 Cn.
318 1000 424 1041 Oppii.

104 1042 303 1085 Corng'ficz'us,
326 1043 358 1073 in
374 1044 462 1074 Verr.
480 1043 527 1083 II,
551 1044 601 1080 57.
619 1044 716 1075 scriba
730 1043 846 1082 Verris,
862 1050 948 1085 praet.

59 1087 127 1116 urb.

106 1129 143 1163 Q.
160 1129 356 1171 Corng'ficz'us,
380 1130 411 1161 in
426 1130 515 1161 Verr.
531 1131 562 1169 Ι,
582 1131 633 1160 10.
645 1129 741 1169 judex
748 1130 947 1168 justissimus.

59 1170 129 1202 Att.
149 1171 177 1210 I,
197 1173 245 1202 13.
262 1173 378 1214 primus
395 1173 426 1203 in
448 1179 554 1204 senatu
570 1173 755 1203 mentionem
779 1173 817 1203 de
832 1173 950 1203 violatis

60 1225 79 1245 a
94 1215 201 1246 Clodio
224 1216 313 1246 sacris
328 1216 407 1246 fecit.
426 1216 467 1246 ib.
492 1217 519 1246 l.
544 1216 721 1256 competitor
739 1215 892 1245 Ciceronis
917 1216 949 1246 in

60 1259 228 1289 consulatu.
250 1259 289 1288 ad
314 1258 388 1289 Div.
411 1259 495 1297 XII,
523 1260 571 1294 17.
597 1258 749 1289 Ciceronis
776 1259 890 1298 collega
915 1259 948 1288 in

59 1307 219 1341 auguratu.
242 1301 301 1332 Vir
316 1301 431 1340 doctus,
444 1302 483 1332 ad
497 1312 589 1343 quem
606 1308 677 1331 sunt
695 1300 849 1331 Ciceronis
863 1311 948 1341 quae-

59 1343 131 1373 dam
151 1344 307 1385 epistolae3
330 1344 450 1386 fuitque
471 1350 638 1386 propraetor
657 1344 785 1382 Africae,
806 1343 874 1374 vivo
894 1344 948 1374 ad-

57 1386 118 1416 huc
134 1387 260 1418 Caesare.

101 1430 132 1460 C.
152 1431 315 1469 Cornutus,
338 1428 406 1460 Att.
420 1431 450 1469 Ι,
475 1434 524 1462 14.
540 1430 765 1467 Pseudo-Cato,
781 1429 812 1460 h.
829 1439 854 1459 e.
870 1429 940 1459 imi-

57 1477 135 1502 tator
161 1472 296 1510 Catonis,
320 1473 388 1504 trib.
405 1474 447 1514 pl.
473 1474 522 1504 M.
540 1474 650 1503 Pisone
670 1479 700 1503 et
720 1472 854 1503 Messala}
871 1483 945 1503 coss.

56 1515 89 1544 in
113 1516 183 1546 Sen.
200 1522 268 1557 post
287 1516 366 1547 Red.
387 1518 416 1548 9.
431 1523 553 1558 praetor,
575 1517 612 1547 P.
628 1516 763 1547 Lentulo
783 1515 946 1557 Spinthere

56 1567 116 1588 cos.

96 1602 146 1632 M.
165 1601 333 1641 Cornutus,
357 1602 448 1633 Font.
466 1603 515 1632 15.
531 1602 649 1643 legatus
662 1602 744 1633 bello
758 1601 871 1633 sociali.

99 1645 147 1674 M.
166 1645 334 1683 Cornutus,
358 1646 439 1675 Phil.
456 1645 552 1683 XIV,
567 1647 596 1675 8.
613 1645 652 1675 ad
663 1644 736 1675 Div.
749 1646 793 1684 X,
810 1646 858 1674 12.
868 1654 945 1685 prae-

55 1692 102 1717 tor
115 1689 261 1726 urbanus,
279 1688 382 1718 Hirtio
397 1694 426 1719 et
443 1688 544 1718 Pansa
562 1698 636 1719 coss.

98 1731 151 1760 Μ.
168 1737 198 1761 et
213 1733 252 1761 P.
269 1732 400 1768 fortius,
423 1731 455 1761 in
477 1731 566 1762 Verr.
582 1730 645 1769 VI,
663 1731 717 1761 64.
741 1730 858 1772 equites
874 1730 939 1760 Ro-

55 1773 140 1803 mani
153 1773 185 1805 in
200 1784 273 1815 agro
287 1774 549 1806 Taurominitano.
710 1817 730 1846 3

679 1826 694 1847 s
