1137 1848
292 104 442 136 INDEX
466 104 750 137 HISTORICUS.
901 102 964 132 385

82 187 143 219 dax
157 189 304 221 scribendi
318 200 424 232 genus,
446 201 507 232 quo
522 201 595 221 usus
613 196 656 221 est
671 189 899 230 Theopompus·
920 187 969 217 Eo

83 241 114 261 se
129 232 200 263 dicit
215 233 318 264 Cicero
333 243 460 264 usurum
473 234 504 263 in
521 233 685 266 ανεκδοτοις.
710 233 799 263 Brut.
813 234 860 262 17.
877 230 969 261 officit

84 274 222 306 Philisto
238 276 311 307 ibid.
328 278 379 306 56.
393 277 537 307 acerrimo
551 275 672 315 ingenio
687 275 754 305 fuit.

132 319 349 359 Theopompus,
374 320 442 349 Att.
464 319 566 355 XIII
611 317 784 354 .Cnidius,
811 316 968 347 familiaris

85 358 222 391 Caesaris.
246 362 342 392 Estne
364 362 424 398 hic,
448 372 539 402 quem
561 359 598 391 C.
619 361 790 391 Trebonius
819 359 890 389 Asia
916 370 969 389 exn

80 403 193 443 pulisse
213 404 332 439 dicitur,
355 405 436 435 Phil.
458 403 558 441 XIII
591 405 651 434 16?
684 404 788 439 Alius,
813 403 845 432 ni
866 403 964 439 fallor,

82 451 127 475 est
143 446 180 476 ad
197 447 237 495 Q.
260 448 311 477 Fr.
329 447 354 482 Ι,
373 449 402 478 2.
419 449 450 478 2.
470 447 546 478 forte
562 447 599 477 de
614 446 733 476 cohorte
748 446 790 484 Q.
816 445 968 476 Ciceronis

83 488 114 517 in
130 490 293 528 provincia.

127 531 312 570 Theoractus,
328 533 417 563 Verr.
433 532 476 569 V,
493 532 543 562 66.
564 532 604 561 V.
631 533 864 563 Theomnastus.

131 575 337 613 Theramenes,
361 577 454 606 Tusc.
473 574 499 612 I,
516 579 567 605 39.
589 575 619 604 in
640 575 705 616 ipso
723 575 827 605 mortis
842 574 968 604 articulo

87 617 166 646 ludit
181 618 212 648 in
228 619 368 655 Critiam,
392 619 479 657 cujus
494 618 585 658 oper&
600 617 637 647 ad
658 624 786 647 mortem
807 617 969 647 damnatus

83 666 154 689 erat.
170 663 211 693 (v.
226 661 369 701 Xenoph.
388 661 471 690 Hist.
487 661 541 690 Gr.
558 661 610 690 lib.
631 660 676 697 II,
694 659 767 698 ἃς.)
786 660 840 690 Or.
856 659 901 696 II,
915 660 956 688 ‘22

83 703 148 740 ejus
164 703 274 744 scripta
287 703 439 734 Ciceronis
456 709 541 733 aetate
553 704 638 733 nulla
650 703 800 734 exstitere.
818 702 890 733 ibid.
903 701 967 739 III,

85 748 134 776 16.
151 745 287 777 faciendo
299 746 484 786 dicendoque
499 746 625 786 sapiens.

132 790 292 827 Thericlea,
311 789 399 819 Vei-r.
417 789 458 825 V,
478 790 526 818 18.
545 790 596 829 (ex
612 788 738 819 lectione
754 788 881 824 Graevii)
897 793 968 818 sunt

82 831 202 871 pocula,
215 843 284 872 quae
299 842 410 870 nomen
425 832 538 862 habent
553 842 571 861 a
587 831 738 869 Thetide,
751 831 846 871 signio
862 831 968 861 Corin-

83 873 157 911 thio,
174 875 225 915 qui
243 881 357 905 certum
373 884 469 915 genus
489 874 668 914 poculorum
690 874 889 914 excogitavit:
915 883 966 903 ne-

82 926 143 956 que
158 918 255 947 solum
272 917 387 957 figlina,
405 917 454 947 sed
471 917 561 947 etiam
577 927 613 947 ex
630 917 687 946 alia
708 916 844 947 materia.
868 916 963 952 Nam,

83 969 110 988 v.
132 969 156 989 c.
173 970 221 1000 ap.
245 960 372 1000 Joseph.
397 959 438 989 A.
458 958 520 995 XI,
541 961 566 989 l.
588 966 659 989 sunt
681 964 836 998 Θερικλεια
851 970 964 999 χρυσεα

82 1001 159 1032 inter
175 1013 255 1039 vasa,
273 1014 341 1043 quae
354 1002 452 1042 Cyrus
468 1002 489 1031 J
493 1002 586 1032 uda—is
601 1001 739 1032 reddidit.
764 1001 822 1031 Sed
838 1000 964 1042 quidam

82 1054 152 1074 eum
170 1057 303 1084 τορευτηυ
319 1045 445 1075 faciunt.
468 1045 546 1084 Ejus
566 1045 679 1074 mentio
695 1050 724 1074 et
739 1044 821 1083 apud
838 1043 965 1074 Lucian.

83 1087 214 1127 Lexiph.
245 1098 269 1117 c.
296 1088 325 1123 7.
354 1087 550 1119 Athenaeum.
575 1086 634 1124 IX,
651 1088 723 1122 470.
748 1087 787 1117 Ε.
811 1088 854 1127 (ν.
876 1086 966 1126 impr.

82 1129 258 1160 Bentleium
280 1131 317 1160 de
336 1130 505 1160 Phalaridis
528 1130 696 1171 Epistolis.)
720 1130 749 1160 V
753 1129 809 1159 ixit
829 1136 964 1169 ternpore

79 1172 296 1212 Aristophanis
313 1173 427 1203 comici.
454 1173 493 1202 V.
518 1173 651 1203 ,Iunium
670 1172 702 1202 in
727 1173 825 1203 Catal.
850 1172 960 1202 Pictor.

83 1215 140 1245 &c.
154 1215 206 1246 sed
220 1216 370 1257 imprimis
380 1216 576 1254 Salmasium,
587 1215 625 1245 ad
637 1215 786 1246 Solinum.
796 1226 826 1256 p.
837 1225 880 1245 m.
890 1216 964 1244 734.

80 1267 141 1298 seq.

125 1301 166 1330 A.
187 1301 341 1337 Thermus,
359 1312 374 1332 e
390 1301 548 1339 Minuciis,
565 1302 663 1332 Flacc.
680 1302 731 1331 40.
747 1300 805 1337 bis,
822 1299 966 1330 Cicerone

81 1342 271 1381 defendente,
284 1345 439 1375 absolutus
449 1351 503 1383 est,
520 1354 631 1385 magno
640 1343 746 1385 populi
760 1343 882 1384 gaudio,
899 1347 966 1384 post

79 1391 254 1426 praeturam.

129 1430 164 1462 Q.
186 1430 339 1467 Thermm,
356 1430 394 1460 ad
410 1430 482 1460 Div.
499 1429 545 1465 ΙΙ,
559 1430 608 1464 17.
624 1428 704 1459 Asiae
715 1434 824 1470 praetor
837 1428 880 1458 A.
892 1428 965 1463 701.

83 1481 149 1511 sqq.
166 1470 234 1501 Att.
251 1471 279 1509 I,
297 1475 322 1501 l.
335 1478 453 1503 curator
468 1473 524 1502 viae
536 1472 704 1502 Flaminiae.
722 1472 803 1502 Phil.
820 1470 920 1507 XIII,
934 1471 966 1501 6.

83 1513 278 1554 Pompeium,
290 1515 347 1545 Cn.
356 1516 392 1545 F.
406 1516 554 1552 hortatur,
571 1521 605 1545 ut
619 1515 657 1544 ad
668 1514 825 1544 Mutinam
837 1520 885 1544 eat
894 1524 964 1544 cum

83 1555 144 1586 suis
159 1557 262 1596 copiis.
286 1557 339 1588 Ad
354 1568 423 1588 eum
440 1564 511 1588 sunt
525 1558 658 1598 epistolae
673 1557 752 1595 duae,
777 1557 897 1587 Divers.
915 1556 964 1595 II,

86 1598 134 1628 18.
155 1598 255 1638 XIII,
271 1604 323 1631 53.
342 1600 430 1631 Conf.
448 1601 513 1630 Att.
527 1601 569 1637 V,
589 1603 636 1630 13.
650 1603 699 1629 21.
713 1600 769 1630 &c-

131 1642 205 1671 The
197 1653 268 1680 eus,
293 1644 367 1673 Nat.
385 1643 428 1673 D
447 1642 579 1679 111‚18.
605 1642 744 1683 Neptuni
759 1642 849 1672 filius.
875 1641 965 1673 Offic.

82 1682 110 1721 Ῐ,
142 1688 189 1715 10.
220 1691 305 1725 pater
330 1686 504 1727 Hippolyti,
542 1697 560 1716 a
585 1686 731 1726 Neptuno
756 1685 841 1726 petit,
868 1690 903 1714 ut
926 1686 965 1715 ab

82 1727 248 1810 eqtgicsvejus
258 1728 409 1810 )1aceretur
424 1729 515 1760 filius.
538 1729 570 1760 N
572 1734 714 1800 eptunus2,
731 1738 800 1769 quae
816 1727 965 1769 promisit,

181 1780 253 1802 avzs.
729 1780 749 1800 1.
