1122 1868
109 35 171 65 442
264 34 415 65 INDEX
439 33 840 67 GRAECO-LATINUS.

106 122 191 151 nullo
204 131 314 162 genere
324 126 487 164 prceciymo
502 129 753 153 ornamentorum
769 122 911 161 neglecto,
926 130 997 161 quoe

104 175 270 205 nunquam
285 168 330 198 ita
342 178 373 198 se
382 169 461 198 milii
480 167 668 204 obtulerunt,
683 171 718 196 ut
732 176 828 197 nunc.
855 164 918 195 Hic
928 173 996 194 sen-

105 218 156 237 sus
170 209 236 239 loco
253 210 384 241 Paulino
400 210 517 252 egregie
532 211 671 241 convenit
684 221 693 246 ;
718 216 747 240 et
758 210 828 250 plus
844 207 927 248 apud
941 216 996 236 nos

106 251 205 282 valere
220 253 309 283 debet
329 253 492 290 Ciceronis,
507 263 601 294 quam
623 263 729 284 eorum
749 252 921 288 auctoritas,
942 249 996 291 qui

110 293 163 324 diu
179 302 247 336 post
262 296 415 328 vixerunt.

148 344 184 367 Eu
201 352 334 379 επιτομη,
351 341 546 377 summatim,
562 340 600 370 ad
617 340 682 370 Att.
698 338 741 377 V,
767 341 819 369 20.

152 377 403 424 Ενερευθεσῖι-ερος,
418 384 634 419 rubicundior,
651 382 688 412 ad
704 380 771 412 Att.
788 379 869 417 XII,
886 381 917 410 4.

152 427 378 466 Ευὶουο-ιασμος,
400 428 524 468 afflatus
538 428 677 463 (livinus,
691 425 729 454 ad
745 424 808 462 Qu.
820 424 871 453 Fr.
888 421 954 459 111,
965 424 996 453 4.

152 469 319 507 Ενὲυμημα,
349 470 429 511 Top.
461 474 509 501 15.
544 475 587 499 est
613 467 764 499 conclusio
787 477 804 497 e
831 465 997 503 contrariis,

106 509 167 542 fere
182 521 235 551 per
250 511 527 554 interrogationem,
544 518 579 542 ut
594 523 651 542 cnr
666 516 764 550 optas,
783 511 865 550 quod
879 509 967 538 habes
979 510 996 539 :2

153 559 259 592 bwow,
281 558 374 593 notio,
391 557 611 595 intelligentia,
632 555 713 595 Top.
729 554 759 589 7.
782 552 881 583 Acad.
898 551 945 589 11,
968 553 999 587 7.

106 595 175 625 Fin.
195 595 260 634 III,
281 600 311 629 (3.
335 600 432 630 Tusc.
449 599 476 636 I,
502 602 552 628 24.
596 604 698 627 Ενιιοιαι
715 602 797 632 sunt,
814 596 925 636 primo,
943 606 998 625 no-

103 640 198 669 tiones
212 651 316 671 rerum
330 644 365 672 in
376 644 489 673 animis
505 641 621 673 naturai
645 640 746 670 insitae
755 644 783 669 et
795 640 997 677 consignam,

105 682 232 713 TUSCUl-
250 683 278 721 I,
295 687 346 715 2-1.
366 686 447 716 unde
470 698 555 715 κοιυαι
576 696 680 721 saloim,
696 683 844 719 notiones,
861 682 940 712 hanc
952 682 1000 723 ip-

105 736 171 755 sam
187 728 225 756 ob
241 738 363 758 causam
383 738 572 765 communeS,
589 728 662 768 quia
682 724 790 756 natur&
805 725 903 755 insitae
918 730 998 755 sunt.

104 768 202 798 Aliud
217 780 313 809 genus
329 778 373 802 est
399 784 513 808 mmm,
535 771 572 801 (le
588 781 649 811 quo
668 769 763 799 Acad.
781 767 827 804 II,
845 769 877 805 7,
900 774 929 798 et
948 769 997 798 10.

107 812 187 851 Top.
203 814 233 848 7.
256 814 304 844 hae
324 822 397 845 sunt
411 816 532 844 notitiae
547 825 665 849 rerum,
687 823 703 842 e
726 813 798 842 visis
813 813 997 841 extrinsecus

103 858 237 894 arreptis
252 863 280 887 et
301 859 383 888 inter
404 869 435 888 se
456 860 653 898 comparatis,
670 857 856 893 constitutae,
873 865 944 895 quae
967 859 995 885 et

105 901 269 936 προληῲεις
290 907 452 931 vocantur.
489 902 595 939 Porro,
619 900 657 930 de
676 899 745 928 Fin.
773 897 838 935 ΙΙΙ,
858 899 887 927 6.
913 909 999 927 surum

106 941 208 972 stoica
230 950 274 973 est
295 945 514 984 intelligentia,
538 946 585 974 vel
601 944 697 980 notio,
715 941 775 982 qua
790 941 928 972 videmus
950 950 997 970 re-

106 993 175 1013 rum
186 987 374 1026 agendarum
387 988 535 1025 ordinem,
552 993 582 1017 et
591 986 677 1027 quasi
689 984 891 1020 concordiam,
903 993 995 1023 quam

106 1027 159 1056 ubi
174 1027 266 1059 homo
288 1031 376 1071 cepit,
397 1030 507 1067 multo,
529 1036 564 1060 ut
579 1030 676 1067 aiunt,
693 1028 789 1069 pluris
805 1037 841 1057 ea
855 1026 996 1063 aestimat,

106 1080 212 1110 quam,
229 1083 298 1113 quae
312 1074 448 1115 primum
463 1073 620 1110 dilexerat,
638 1073 695 1102 διε.

110 1118 187 1186 ἳξν
225 1118 375 1154 ὁμοπλοιᾳ,
407 1118 440 1146 in
471 1117 611 1147 societate
640 1114 823 1154 navigandi,
859 1112 898 1143 ad
928 1112 998 1142 Att.

108 1177 123 1184 Δ
161 1156 205 1195 VI,
227 1162 253 1188 l.

151 1204 187 1228 Εν
205 1214 351 1241 παρεργῳ,
369 1203 472 1239 obiter,
491 1202 530 1232 ad
545 1202 609 1239 Qu.
626 1202 678 1232 Fr.
696 1199 761 1236 III,
779 1201 808 1230 9.

149 1246 186 1271 Εν
203 1245 328 1284 πκροὸῳ,
345 1247 380 1276 z'n
395 1247 545 1283 transitu,
562 1247 668 1282 obiter,
685 1244 723 1274 ad
740 1244 805 1273 Att.
819 1242 861 1281 V,
879 1245 932 1272 20.

150 1289 185 1313 Eu
209 1294 361 1325 πολιτικῳ,
391 1290 426 1320 in
451 1299 484 1319 eo
504 1298 625 1328 genere,
650 1289 732 1327 quod
753 1287 793 1315 ad
813 1285 995 1326 reipublicoe

103 1330 345 1361 moderationem
359 1338 486 1372 spectat,
503 1331 542 1362 ad.
556 1331 624 1361 Att.
640 1330 736 1368 XVI,
754 1331 802 1360 15.

151 1376 329 1414 Ενσχολαζω
350 1387 404 1412 σοι,
428 1377 528 1405 otium
551 1385 693 1405 consumo
715 1374 749 1403 in
768 1371 859 1413 operc‘i
879 1370 934 1402 tibi
945 1381 1002 1401 na-

106 1414 220 1453 manda,
238 1416 276 1446 ad
292 1416 358 1447 Att.
376 1418 455 1455 VII,
474 1422 487 1447 1
500 1422 524 1448 1.

151 1463 302 1497 Evmssmv,
329 1460 367 1491 de
387 1462 444 1492 hoc
460 1463 550 1492 verbo
565 1460 644 1497 vide,
665 1465 774 1501 praeter
793 1458 878 1495 alios,
900 1456 998 1487 Periz-

107 1499 146 1530 ad
170 1500 286 1531 AElian.
309 1502 349 1532 V.
374 1505 418 1535 H.
444 1504 471 1542 I,
500 1507 558 1540 163
588 1504 642 1544 qui
664 1503 760 1539 docet,
785 1507 913 1539 ενταφιον
937 1509 999 1529 esse

107 1543 323 1585 quodcumque
343 1554 557 1578 ornamentum
578 1546 703 1582 mortui,
722 1554 793 1575 cum
808 1543 840 1572 in
855 1542 931 1572 atrio
946 1552 999 1572 ex-

106 1586 240 1626 ponitur,
257 1589 420 1628 sepelitur:
447 1590 529 1620 unde
551 1592 725 1629 ενταφιαζειν
746 1586 855 1617 dicitur
869 1591 933 1615 tota
947 1585 1000 1615 illa

108 1639 190 1667 cura,
208 1640 277 1670 quae
291 1633 438 1671 ornando,
455 1631 632 1669 condiendo,
649 1629 865 1670 condendoque
880 1634 1002 1658 mortuo

109 1671 277 1703 adhibetur.
302 1674 344 1705 V.
359 1676 471 1717 Cuper.
493 1676 621 1707 Observ.
639 1673 686 1710 II,
711 1676 741 1704 9.
772 1671 843 1702 Hoc
857 1671 922 1701 loco
937 1671 1001 1711 ipse

106 1714 139 1743 J.
157 1715 208 1745 Fr.
226 1715 399 1749 Gronovius
415 1719 631 1759 interpretatur
644 1716 813 1756 sepultura.
840 1713 933 1744 Horti
942 1713 999 1749 illi,
