1122 1868
106 60 170 92 236
323 60 473 92 INDEX
497 58 785 91 HISTORICUS.

153 146 188 177 C.
205 146 348 184 Flavius,
364 146 471 178 Plane.
496 148 549 176 42.
570 144 712 186 quaesitor
726 145 758 174 in
772 143 864 176 causa
878 144 996 176 Plancii

110 189 149 219 ab
161 196 341 227 accusatore,
363 189 536 226 Laterense,
561 188 668 218 editus.
691 187 751 218 Sed
771 187 832 225 hic,
849 199 903 229 pro
918 189 952 221 F
952 190 997 218 la-

110 233 189 268 vius,
207 232 337 262 Ursinus
361 232 466 272 reponi
486 232 605 261 volebat
629 232 661 261 C.
678 232 794 272 Alfius,
821 231 875 271 qui
901 241 926 262 c.
948 232 998 266 17.

111 275 254 315 quaesitor
268 275 301 305 in
320 274 354 305 ea
368 275 458 305 causa
479 274 600 311 dicitur,
617 280 647 303 et
662 284 696 304 eo
714 283 793 303 anno
808 280 917 314 praetor
931 273 1000 303 fuit.

112 319 187 347 Ant.
209 318 402 358 Augustinus
425 324 528 347 autem
552 324 581 347 et
597 316 759 347 Manutius
783 316 825 346 ibi
851 317 951 357 potius
968 317 1002 347 C'.

113 361 249 392 Flavius
264 371 319 401 pro
334 362 439 401 Affius
461 360 521 399 legi
543 359 694 390 volebant.
730 359 824 397 Quod
840 359 1003 390 Manutius

111 409 200 444 putat
220 405 256 433 C.
273 403 393 434 Alfium
409 413 470 433 non
486 402 643 432 commode
657 402 728 442 legi,
746 402 828 442 quod
848 403 873 432 is
895 408 1006 443 praetm·

113 452 201 484 esset,
223 451 252 476 et
268 457 355 476 suam
378 447 445 485 jam
460 446 583 476 haberet
598 445 807 485 provinciam;
831 455 910 486 saepe
930 454 1004 475 con-

113 494 173 519 stat
188 495 273 519 extra
287 489 425 519 ordinem
446 488 530 518 datas
545 498 608 518 esse
623 488 801 528 praetoribus
824 488 1003 528 provincias,

114 538 223 572 praeter
238 541 305 561 eam
321 542 415 572 quam
426 531 523 561 sortiti
534 537 641 561 essent.
665 531 769 560 Cicero
779 531 912 571 appellat
922 530 1005 561 hunc

114 574 318 615 quaesitorem,
344 578 366 592 “
384 574 577 604 consiliorum
593 583 719 602 suorum
739 573 771 602 in
786 573 944 603 consulatu
959 583 1006 604 so-

115 617 210 655 cium,
226 617 430 657 periculorum
450 616 641 657 participem,
662 625 763 645 rerum
785 622 938 656 gestarum
953 616 1007 646 ad-

112 660 281 699 jutorem.’'
306 660 383 689 Haec
398 665 504 689 utrum
518 658 550 688 in
566 658 603 688 C.
617 658 735 688 Alfium
751 668 790 688 an
805 659 837 688 in
854 657 891 689 C.
905 658 1008 689 Flavi.

116 712 171 732 um
187 701 352 742 quemdam
374 702 483 732 rectius
507 702 698 738 conveniant,
715 701 892 738 videndum,
908 701 934 731 si
948 701 1010 742 qua

114 745 231 774 ratione
246 755 283 774 ex
298 744 423 775 historia
439 744 504 774 erui
518 744 621 785 possit.
645 744 728 773 Mihi
743 744 787 773 nil
802 744 873 774 certi
889 754 1011 775 succur-

116 787 166 817 rit.
191 787 262 817 Hoc
277 797 316 816 ex
330 787 436 817 multis
451 787 523 817 locis
535 787 687 817 Ciceronis
699 787 792 825 disco,
803 787 829 817 F
830 787 924 818 lavios
933 796 1010 818 non.

118 830 219 860 nullos
231 830 257 860 ei
273 830 535 869 conjunctissimos
551 829 651 859 fuisse.
675 829 709 860 Si
720 830 898 868 conjecturae
912 830 1008 869 locus,

120 873 235 913 optime
250 872 392 903 videntur
406 873 438 902 in
457 875 488 903 C.
513 874 664 904 Flavium
683 872 852 910 convenire,
868 873 960 902 Bruti
982 880 1013 904 et

121 915 217 946 Attici
247 915 476 953 amicissimum,
507 916 659 956 totiusque
683 925 780 945 causae
805 915 1011 956 optimatium.

122 958 164 989 V.
181 958 335 998 Nepotem
347 958 379 988 in
390 959 486 989 Attio.
500 960 529 988 8.
547 957 701 988 Plutarch.
712 959 744 987 in
756 959 846 988 Brut.
856 965 931 988 extr.
943 959 1009 996 ubi,

121 1011 217 1042 quam
233 1001 363 1041 graviter
390 1002 456 1041 ejus
478 1001 637 1031 interitum
656 1001 760 1031 tulerit
775 1002 903 1039 Brutus,
928 1011 1012 1033 com-

120 1049 317 1075 memoratur.

163 1088 199 1117 C.
216 1087 346 1117 Flavius
368 1086 473 1124 Pusio,
491 1085 614 1117 Cluent.
642 1089 694 1116 56.
715 1097 806 1127 eques
828 1086 1000 1126 Romanus,

124 1129 179 1170 qui
194 1129 244 1159 M.
260 1129 363 1160 Druso
379 1130 447 1160 trib.
464 1129 505 1170 pl.
523 1129 642 1167 restitit,
663 1130 778 1170 equites
797 1130 916 1170 legibus
937 1131 1010 1169 suis,

123 1173 162 1202 de
186 1172 402 1213 quaestionibus
422 1172 568 1203 habendis
588 1172 620 1202 in
639 1182 688 1202 eos
706 1173 760 1213 qui
783 1174 821 1203 ob
842 1183 907 1203 rem
929 1174 1014 1213 judi-

125 1215 254 1246 candam
265 1215 426 1255 pecuniam
442 1215 600 1256 cepissent,
616 1215 648 1244 in
658 1215 827 1256 periculum
841 1217 969 1246 vocanti.

170 1259 228 1288 Cn.
242 1259 385 1295 Flavius,
401 1258 459 1289 Cn.
480 1268 519 1288 an
531 1258 580 1287 M.
596 1258 640 1287 fil.
654 1260 667 1288 ἓ
691 1257 752 1288 vid.
769 1258 936 1289 Graevium.
955 1259 1013 1290 Cn.

126 1306 171 1331 est
185 1311 237 1342 ap.
253 1301 332 1331 Plin.
344 1301 387 1331 H.
401 1301 444 1330 N.
458 1299 628 1337 XXXIII,
644 1304 669 1331 1.
686 1301 739 1341 qui
750 1301 901 1342 imprimis
910 1302 1014 1333 viden-

126 1343 193 1373 dus.
228 1343 362 1374 Vocatur
382 1343 425 1373 ibi
450 1344 542 1374 etiam
565 1344 661 1374 Annii
683 1344 782 1374 filius:
807 1344 852 1374 uti
867 1354 916 1385 ap.
933 1345 1014 1375 Gell.

128 1385 190 1423 VI,
204 1388 234 1417 9.
251 1386 320 1416 Liv.
336 1387 400 1423 IX,
411 1387 462 1416 46.
473 1393 597 1417 vocatur
608 1385 695 1417 Cnaei
706 1386 748 1416 fil.
762 1386 842 1417 Vide
854 1386 1014 1418 Drakenb.

128 1428 168 1458 ad
184 1429 253 1460 Liv.
269 1429 291 1458 l.
307 1440 332 1460 c.
346 1430 399 1470 qui
415 1435 445 1459 et
459 1439 633 1470 praenomen
650 1428 709 1461 Cn.
724 1429 855 1470 praefert.
876 1430 931 1460 Ad
945 1431 1012 1460 Att.

129 1470 190 1508 VI,
217 1475 243 1502 l.
260 1472 367 1509 scriba,
393 1472 487 1502 aedilis
513 1472 609 1513 Appii
634 1473 689 1513 (sc.
712 1472 822 1511 Caeci),
847 1473 900 1513 qui
923 1473 1015 1504 fastos

128 1514 306 1554 publicavit,
321 1520 350 1544 et
362 1515 492 1545 actiones
512 1517 647 1555 primurn
663 1516 937 1556 composuit-atque
953 1516 1016 1546 edi-

130 1556 186 1586 dit.
211 1557 255 1587 V.
282 1557 338 1587 Or.
357 1557 384 1595 I,
411 1560 464 1587 41.
488 1558 613 1588 Muren.
634 1560 682 1587 11.
705 1562 773 1588 Att.
791 1558 852 1596 VI,
878 1562 905 1588 1.
926 1560 964 1589 ab
980 1569 1015 1589 eo

129 1598 153 1629 J
157 1609 192 1629 us
209 1599 392 1630 Flavianum
412 1600 528 1631 dictum
544 1607 597 1631 est.
618 1600 667 1631 Ea
686 1610 718 1631 re
731 1600 854 1637 meruit,
869 1607 904 1630 ut
918 1611 1015 1642 usque

127 1641 363 1714 idcaetclililitatem
382 1643 596 1683 proveheretur
614 1643 714 1674 studio
738 1643 853 1684 populi.
877 1643 918 1673 V.
943 1644 1015 1675 Liv.

149 1704 164 1714 A
185 1706 195 1719 φ
247 1690 268 1714 t·

173 1728 214 1758 L.
230 1728 372 1766 Flavius,
389 1737 480 1769 eques
501 1729 673 1769 Romanus,
691 1729 779 1760 Verr.
795 1728 843 1768 11,
855 1731 886 1760 5.
909 1728 970 1768 VI,
983 1730 1014 1766 7.
