1122 1868
131 53 193 88 370
341 55 490 87 INDEX
514 58 799 90 HISTORICUS.

173 140 231 169 Cn.
260 141 411 179 Sicinius,
438 142 527 173 Brut.
544 145 594 175 60.
618 145 710 175 homo
731 145 887 183 ridiculus,
911 145 1011 175 malus

127 187 236 211 orator.
259 183 423 214 Seditiosus
434 186 502 215 trib.
518 186 560 227 pl.
576 187 644 225 fuit,
658 189 700 218 A.
710 188 782 223 677.
807 188 889 219 Cum
904 197 1010 218 omnes

127 224 319 264 magistratus
331 234 462 265 vexaret,
479 229 527 258 M.
546 230 688 260 Crassum
705 237 805 260 tamen
821 241 882 261 non
897 230 1008 271 attigit,

128 267 200 306 quia
210 271 372 300 metuebat.
397 270 549 302 Plutarch.
566 273 597 303 iu
615 274 734 309 Crasso,
750 285 780 314 p.
797 275 869 309 547.

171 311 322 349 Sicinius,
338 313 404 343 Att.
420 313 461 351 V,
475 318 504 343 4.
521 316 630 346 Nescio
641 317 703 357 qui.
720 317 858 351 Sicinius,
875 316 907 346 in
919 315 1009 346 Cras-

127 361 159 381 so
180 353 346 392 Plutarchi,
368 367 459 396 quem
475 357 625 389 Corradus
649 360 699 389 hic
723 365 948 394 commemorat,
965 364 1009 388 aet

126 393 185 425 Cn.
202 397 342 436 Sicinius,
359 398 396 429 de
411 410 471 440 quo
486 409 564 431 ante.
588 402 647 433 Sed
662 402 686 432 is
697 402 727 431 in
745 402 899 432 tribunatu
914 402 1008 431 inter-

126 437 221 469 fectus
243 446 296 470 est.
329 442 491 473 Manutius
505 451 604 484 putat,
629 445 760 485 peritum
775 445 867 475 fuisse
881 443 1009 475 conscri-

126 482 295 513 bendorum
311 485 475 515 edictorum
491 487 731 526 provincialium.

167 526 299 563 Silanz'o,
325 528 411 557 Verr.
429 528 471 565 V,
488 531 538 564 57.
563 530 722 560 statuarius
739 530 859 567 nobilis,
884 529 922 560 de
947 540 1008 571 quo

126 566 206 597 Plin.
224 568 387 607 XXXIV,
405 572 436 605 8,
454 572 506 611 qui
523 572 719 602 αυτοὸιὸακτον
733 573 825 603 fulsse
839 572 939 603 tradit.

165 612 209 641 D.
227 613 366 649 Silanus,
384 624 399 643 e
414 614 531 645 Juniis.
554 614 621 644 Fin.
641 614 669 652 Ι,
685 615 714 650 7.
728 616 849 656 adoptat
861 615 900 645 T.
914 615 1008 645 Man-

122 652 156 683 lii
169 654 318 697 Torquati
330 656 441 693 filium,
458 663 487 687 et
502 658 700 698 pecuniarum
715 664 871 699 captarum
888 657 1008 689 convic-

122 702 190 727 tum
206 697 237 728 in
253 704 446 739 conspectum
462 700 562 730 venire
577 706 665 730 vetat.

169 740 208 769 D.
238 742 378 779 Silanus,
395 742 444 772 M.
461 743 497 772 F.
513 743 576 774 Off.
594 742 640 780 ΙΙ,
663 748 709 775 16.
733 745 892 785 magnifice
912 743 1006 774 aedili-

125 788 186 812 tate
197 783 318 814 functus
334 792 387 815 est.
412 785 513 816 Pison.
528 789 579 816 24.
606 787 695 817 Catil.
709 786 769 825 IV,
789 792 818 817 4.
836 788 861 817 F
863 788 933 817 laec.
960 789 1008 817 13.

123 827 181 855 &c-
208 828 312 857 consul
337 838 406 857 cum
432 829 575 859 Murena.
608 830 698 860 Brut.
723 831 774 860 68.
801 830 923 861 vitricus
953 829 1002 859 M.

123 869 224 898 Bruti.
248 871 411 901 Acuminis
424 878 452 901 et
467 872 607 902 orationis
622 873 692 902 satis
706 873 822 904 habuit.

166 912 211 941 D.
229 914 365 949 SIIanus,
382 914 413 943 in
431 913 532 944 Caecil.
549 916 599 945 21.
616 926 633 945 a
651 915 708 946 Cn.
727 915 865 946 Domitio
887 926 1007 946 accusa-

124 959 183 984 tur.
207 955 266 985 Sed
283 957 412 987 Marcus
424 957 587 997 legendum
603 968 676 997 esse,
693 959 748 989 viri
763 959 842 990 docti
853 959 1004 997 viderunt,

125 1004 154 1027 et
169 1008 206 1027 ex
222 1009 304 1040 seqq.
321 1000 444 1040 patebit.

167 1041 215 1070 M.
231 1043 370 1079 Silanus,
388 1043 477 1072 Brut.
493 1043 545 1073 35.
570 1043 611 1081 Q.
627 1043 749 1074 Metelli
764 1044 922 1074 Numidici
943 1044 1004 1074 col-

119 1083 198 1123 lega,
215 1083 255 1114 A.
274 1085 313 1115 U.
338 1086 410 1115 645.
435 1085 472 1115 de
496 1086 650 1127 republica
675 1087 745 1116 satis
771 1088 847 1116 bene
875 1087 1002 1117 dicebat.

123 1126 211 1156 Verr.
230 1127 294 1163 III,
307 1129 357 1163 47.
381 1128 500 1158 Cornel.
519 1129 546 1165 I,
562 1129 598 1159 fr.
615 1140 633 1159 a
644 1129 701 1159 Cn.
716 1129 853 1159 Domitio
875 1130 945 1160 trib.
963 1129 1006 1170 pl.

124 1176 262 1207 vexatur,
279 1181 349 1201 cum
365 1172 527 1202 consularis
549 1178 635 1210 esset,
651 1178 866 1212 accusaturque
884 1178 1005 1214 propter

122 1211 308 1252 Egritomari
324 1214 476 1253 injuriam.

166 1257 214 1284 M.
228 1257 366 1293 Silanus,
387 1257 425 1286 ad
443 1257 515 1287 Div.
533 1258 577 1294 X,
594 1259 645 1287 34.
662 1258 800 1288 tribunus
815 1257 949 1288 militum
971 1257 1004 1287 in

121 1299 254 1328 exercitu
270 1299 380 1339 Lepidi
391 1299 511 1335 Illviri,
523 1301 576 1341 qui
586 1302 623 1330 ab
635 1301 768 1331 Antonio
778 1301 816 1330 ad
826 1311 896 1330 eum
909 1308 1004 1331 trans-

122 1340 208 1377 ierat,
225 1352 294 1371 cum
310 1349 379 1372 ante
394 1353 412 1372 a
427 1343 544 1384 Lepido
558 1349 661 1374 contra
675 1344 740 1383 ejus
766 1344 951 1374 voluntatem
965 1342 1004 1373 ad

122 1384 296 1414 Antonium
312 1386 391 1415 isset.

167 1429 297 1463 silenus,
314 1428 408 1459 Tusc.
427 1428 455 1466 I,
487 1430 537 1458 43.
561 1439 659 1459 comes
682 1429 808 1467 Bacchi,
832 1428 918 1458 docet
937 1427 1002 1457 Mi-

122 1468 206 1506 dam,
220 1470 293 1510 quid
309 1470 346 1500 sit
361 1471 511 1511 optimum
526 1472 651 1502 homini.

163 1513 295 1549 Silenus,
320 1513 423 1543 Divin.
442 1514 470 1551 I,
489 1518 539 1544 24.
555 1516 620 1554 ejus
646 1514 782 1545 Historia
797 1514 912 1543 Graeca.
943 1513 1003 1543 Ca-

122 1554 264 1592 latianus,
280 1555 437 1587 historicus
461 1558 595 1595 Graecus,
619 1558 738 1588 incertae
753 1556 857 1591 aetatis,
873 1557 959 1595 cujus
974 1564 1004 1586 et

121 1596 239 1635 Livius,
256 1598 385 1637 XXVI,
399 1601 451 1637 43),
468 1608 496 1630 et
514 1600 604 1630 multi
619 1601 681 1637 alii,
697 1600 881 1631 mentionem
896 1598 1005 1637 fecere,

122 1650 253 1680 quorum
265 1640 330 1671 loca
345 1641 403 1672 vid.
414 1653 462 1683 ap.
479 1643 568 1673 Voss.
583 1643 620 1673 de
636 1644 718 1673 Hist.
734 1643 788 1673 Gr.
803 1640 868 1679 III,
883 1652 914 1682 p.
935 1645 1003 1673 189.

167 1683 208 1712 A.
223 1684 329 1721 Stlins,
347 1685 410 1715 Att.
428 1684 509 1722 XII,
527 1687 578 1715 24.

167 1727 206 1755 P.
224 1726 324 1762 Silius,
339 1726 377 1757 ad
401 1727 473 1759 Div.
497 1727 575 1765 VII,
599 1729 649 1759 21.
675 1728 735 1766 IX,
755 1729 802 1758 16.
827 1726 926 1764 XIII,
949 1727 1000 1757 62.
