1137 1848
272 50 423 82 INDEX
446 47 812 82 GRAEco-LATINU
814 49 845 80 S.
944 47 1006 83 479

164 141 269 166 Πολλα
295 149 403 178 χαιρειν
430 149 474 174 τῳ
493 141 586 174 καλῳ,
604 136 726 166 multam
741 136 866 165 salutem
881 135 1010 167 honesto,

123 178 187 209 vale
203 180 304 210 dicere
320 181 448 214 honesto,
464 180 503 210 ad
518 180 587 211 Att.
605 179 704 217 VIII,
721 180 751 209 8.

165 226 274 252 Πολλοι
285 225 416 262 μαθηται
435 234 593 263 κρειττονες
605 223 797 258 ὃιὸασκαλων,
814 221 902 251 multi
919 221 1010 250 disci-

119 264 185 302 puli
198 267 415 304 praestantiores
431 266 590 307 magistris,
606 265 645 295 ad
666 264 738 295 Div.
753 264 815 302 IX,
832 264 862 299 7.
876 263 1010 294 senarius

122 312 222 338 notus.

167 355 279 381 Πολλου
293 365 325 389 γε
342 364 388 381 και
406 351 456 389 δει,
481 352 606 381 multum
633 351 751 391 quidem
776 352 866 385 abest,
889 349 927 380 ad
944 347 1011 380 Att.

123 391 183 428 VI,
202 395 229 424 l.
246 394 360 432 Verba,
377 394 489 436 quibus
505 396 607 425 crebro
618 393 842 424 Demosthenes
858 393 963 423 utitur.

168 441 452 476 Πολυγραφωτατος,
477 439 529 478 qui
552 437 686 478 plurima
715 438 843 475 scripsit,
870 436 908 467 ad
938 436 1006 465 Att.

124 477 225 517 XIII,
247 484 293 511 18.

167 523 370 559 Πολυδευκους,
387 523 516 553 Pollucis
529 524 613 558 tedes,
624 523 663 553 ad
678 522 747 552 Att.
761 521 822 559 VI,
842 524 870 551 l.

166 569 339 602 Πομπευσαι
360 578 421 600 τοις
436 578 612 605 προσωποις,
635 567 751 606 magnis
767 566 900 604 personis
916 566 1007 594 indu-

124 608 237 643 cerulis,
264 609 340 638 libra
361 615 500 639 ornatum
519 620 660 650 quoerere,
685 608 724 638 ad
747 608 816 638 Att.
835 608 934 645 XIII,
958 609 1010 638 32.

123 650 228 681 Cicero
243 661 304 681 non
330 651 430 682 solum
450 652 570 692 magnis
587 653 676 682 rebus
699 651 843 681 refertum
870 652 1011 692 cupiebat

122 703 194 723 eum
213 699 366 731 συλλογον,
383 705 474 735 quem
490 695 621 726 habebat
635 695 667 724 in
682 695 835 732 manibus,
852 695 904 724 sed
919 694 1011 724 etiam

121 736 242 776 magnis
256 737 432 768 hominibus
448 738 505 776 uti,
529 744 564 768 ut
579 748 614 768 eo
636 738 735 777 major
749 737 819 767 libri
834 737 965 777 dignitas
980 743 1009 767 et

121 786 245 810 ornatus
270 786 355 810 esset.
392 780 501 821 Itaque
515 781 658 811 Atticum
673 786 770 821 rogat,
796 785 839 814 ut,
856 789 925 810 cum
943 781 1009 819 jam

119 831 212 852 unam
227 823 447 864 suppeditasset
457 824 634 863 hujusmodi
644 832 814 864 personam,
826 823 928 864 plures
940 833 1012 863 sug-

115 871 243 905 gereret.

162 914 315 946 Πονουμαι,
341 909 440 940 labore
466 916 494 940 et
524 909 657 941 molesti&
689 909 842 950 cmficior,
869 907 909 938 ad
937 907 1006 938 Att.

121 950 217 988 XVI,
236 953 285 981 12.

164 999 286 1034 Ποτερον
303 995 382 1029 δικας
397 1007 493 1036 τειχος
511 996 601 1031 ὑῲιον,
618 996 867 1036 supplementum
883 1004 921 1024 ex
938 994 1010 1024 Pla-

118 1041 200 1073 tone,
217 1037 271 1077 qui
288 1037 353 1068 haec
370 1037 475 1068 itidem
491 1038 592 1075 refert,
610 1042 731 1075 αναβας,
754 1045 858 1068 utrum
875 1048 1010 1068 exst-cuso

119 1080 178 1109 alto
195 1091 280 1110 muro
289 1082 430 1120 justitiae,
447 1081 485 1111 ad
497 1080 565 1111 Att.
576 1082 678 1119 XIII,
692 1082 744 1111 38.
767 1080 893 1110 Alludit
904 1080 1010 1110 Cicero

117 1122 157 1152 ad
171 1122 273 1153 locum
295 1124 421 1154 Pindari
437 1135 474 1154 ex
494 1124 571 1154 libro
595 1124 761 1165 deperdito,
778 1134 839 1164 quo
851 1124 916 1162 jam
936 1133 1010 1153 usus

117 1171 192 1202 erat,
209 1165 260 1196 sed
280 1166 351 1203 alio,
368 1177 462 1207 quam
478 1167 594 1205 Cicero,
613 1177 713 1205 sensu,
732 1167 832 1202 Plato,
849 1166 902 1196 lib.
920 1165 955 1195 ΙΙ
971 1166 1009 1196 de

120 1208 254 1249 Republ.
276 1220 309 1250 p.
335 1211 408 1240 596.
436 1210 482 1240 ed.
500 1210 640 1240 Francof.
662 1210 766 1240 Verba
781 1209 907 1239 Pindari
928 1209 1011 1250 apud

120 1251 282 1282 Platonenl
305 1252 423 1293 integra
448 1253 514 1283 haec
539 1260 632 1284 sunt:
658 1260 781 1292 Πετερον
808 1251 888 1286 ὃικας
912 1264 1010 1292 τειχο;

118 1294 213 1332 ὕψιον,
230 1307 244 1329 η
261 1300 382 1329 σκολιας
397 1308 526 1333 απατας,
540 1296 667 1330 αναβαςε
686 1302 789 1325 utrum
800 1296 888 1325 rectis
905 1296 1009 1333 etJ'us-

118 1338 154 1366 tis
170 1338 295 1372 artibus,
316 1349 355 1367 an
371 1339 446 1368 dolis
457 1340 683 1380 fraudibusque
699 1345 794 1373 utens,
811 1339 867 1379 (500.
902 1337 1009 1369 Cicero

115 1378 156 1409 ad
171 1379 262 1409 aliam
278 1390 342 1410 rem
361 1381 523 1411 transtulit.
548 1381 631 1412 Scire
646 1381 730 1422 cupit
745 1392 783 1412 ex
798 1381 915 1419 Attico,
932 1380 1007 1421 quid

116 1421 174 1452 sibi
185 1422 320 1461 suadeat,
333 1429 439 1454 utrum
450 1430 536 1465 putet
556 1434 619 1465 prae
639 1435 670 1455 se
689 1424 845 1455 ferendam
861 1433 923 1454 esse
941 1424 1007 1463 jus-

115 1470 181 1495 tam
196 1465 273 1495 iram
286 1466 318 1496 in
334 1466 489 1504 Quintum
505 1467 615 1505 filium,
638 1477 733 1508 quam
748 1466 938 1507 objurgando
952 1476 1007 1506 pa-

116 1513 221 1537 truum
236 1508 319 1549 apud
336 1508 487 1540 Caesarern
503 1515 664 1548 meruerat,
688 1520 727 1540 an
743 1509 1005 1540 dissimulandam.

116 1550 201 1581 Hinc
226 1551 291 1592 ipse
318 1552 359 1582 sic
392 1552 606 1594 interpretatur
635 1552 735 1594 prima
759 1554 869 1583 verba:
900 1558 1007 1582 utrum

113 1600 215 1632 aperte
226 1595 371 1625 hominem
383 1596 546 1636 adsperner
558 1602 586 1627 et
598 1607 746 1637 respuam,
756 1595 796 1626 ad
811 1596 878 1626 Att.
900 1593 1003 1633 XIII,

158 1679 348 1719 Πουλυδαμας
356 1693 404 1720 μοι
417 1693 534 1721 πρωτος
547 1687 695 1724 ελεγχειην
709 1684 858 1718 αναὲησει,
874 1681 1005 1721 Polyda-

113 1732 172 1752 mas
195 1723 268 1752 mihi
290 1725 406 1763 primus
428 1726 573 1765 probrum
596 1726 725 1765 objiciet,
748 1725 787 1756 ad
814 1725 883 1755 Att.
901 1723 948 1761 11,
967 1726 998 1753 ὃ.
