1137 1848
344 67 496 99 INDEX
515 66 803 99 HISTORICUS.
952 67 1013 97 261

133 156 195 182 nat.
229 151 279 183 Μ.
304 153 420 184 Junius
443 152 568 194 quidam
594 153 685 183 etiam
706 158 750 183 est
773 153 864 183 Verr.
893 151 939 189 ΙΙ,
966 155 1017 183 51.

133 194 186 224 sed
201 205 254 225 nec
268 195 305 225 de
319 195 376 226 hoc
390 196 531 232 dixerim,
547 205 586 225 an
602 196 682 225 idem
699 196 735 225 sit
751 206 820 226 cum
838 195 1017 232 Quintiano.

135 236 258 267 Tertius
284 243 327 268 est
354 238 402 268 M.
429 238 544 268 Junius
564 244 685 278 praetor,
709 238 830 268 Cluent.
855 241 906 269 45.
931 239 1018 278 cujus

133 280 247 310 mentio
259 281 349 310 etiam
364 291 412 322 ap.
428 281 574 316 Plinium,
592 281 734 317 XXXV,
756 282 803 310 10.

175 323 226 352 M.
243 324 365 359 Juniuv,
381 334 435 364 pro
452 323 543 354 Corn.
562 322 588 352 Ι.
610 330 653 353 est
669 323 801 359 Silanus„
819 323 872 363 qui
888 333 957 353 cum
974 323 1016 361 Q.

134 363 257 395 Caecilio
273 366 400 396 Metello
416 366 544 396 Numid.
561 366 665 396 consul
680 365 747 395 fuit.
765 367 806 395 A.
822 367 862 395 U.
879 367 950 396 (544.

178 407 215 437 Ρ.
229 409 349 439 Junius.
376 409 462 439 Verr.
481 408 526 444 II,
544 410 593 438 50.
611 408 702 438 frater
724 408 771 437 M.
788 408 888 443 Junii,
905 409 941 438 de
957 419 1018 448 quo

130 449 252 481 ibidem.
278 451 457 482 Praenomen
478 452 514 480 P.
539 461 642 481 omnes
666 451 736 480 libri
758 451 934 491 praeferunt.
958 451 1018 481 Sed

131 498 232 523 tamen
249 494 404 531 Dukerus,
422 494 460 524 ad
481 494 549 524 Liv.
566 492 728 529 XXXIV,
751 497 775 524 l.
792 493 911 523 dubitat
925 504 963 523 an
980 493 1017 523 sit

129 535 229 574 potius
253 538 298 567 D.
322 537 404 577 quod
432 537 468 566 P.
488 546 662 578 praenomen
683 536 816 566 alienun]
840 536 975 566 videatur
999 546 1018 566 a

131 577 248 608 familia
265 580 372 610 Junia.

175 621 211 655 Q.
228 624 349 659 Jumus,
372 623 460 653 Verr.
480 621 524 657 ΙΙ,
543 623 572 657 7.
590 630 717 652 senator.

179 665 213 693 T.
227 667 352 701 «Iunius,
376 665 414 694 1..
429 665 463 694 F.
480 664 670 701 tribunicius,
684 665 737 694 ΒΓ.
753 667 804 695 48.
819 664 967 695 accusaxit
979 663 1017 694 de

129 706 246 736 ambitu
271 707 307 737 P.
323 708 473 745 Sextium,
493 714 651 748 praetorem
671 707 875 748 designatum,
891 714 919 737 et
935 707 1014 737 vicit.

129 748 280 779 laudatur.

170 793 292 830 Junius,
308 792 347 822 ad
363 792 434 822 Div.
456 792 532 830 VII,
551 796 602 823 23.
614 793 769 822 familiaris
781 792 907 831 quidam
918 792 1015 822 Avia-

127 833 170 863 nii
186 835 331 864 statuarii.
356 835 445 865 Alius
460 836 575 865 Junius
590 841 633 865 est
648 838 715 865 Att.
732 834 814 871 XII,
837 839 882 865 14.

167 878 258 915 me,
286 878 327 907 N.
345 877 387 907 D.
406 878 433 913 Ι,
452 880 501 908 28.
520 878 645 919 Argiva,
663 879 814 913 Romana,
840 878 1012 915 Lanuvina,

126 919 243 950 diversa
268 919 365 960 figura
379 932 387 950 ε
412 921 450 950 ad
477 932 568 961 quem
595 921 695 950 locum
723 921 823 950 confer
851 930 1015 950 nummum

125 963 223 1002 gentis
240 963 376 993 Prociliae
388 974 436 1003 ap.
454 964 599 993 Ursinum
613 970 641 992 et
658 963 849 999 Morellium,
861 963 913 1003 qui
926 963 1016 1002 plane

125 1005 273 1035 consentit
296 1015 365 1035 cum
390 1006 586 1046 descriptione
606 1005 810 1035 Ciceroniana.
837 1005 873 1034 de
895 1005 966 1034 Div.
984 1004 1012 1042 I,

125 1050 176 1077 24.
203 1048 338 1078 Lacinia.
368 1048 550 1078 Columnam
576 1049 607 1077 in
636 1049 699 1086 ejus
723 1047 794 1077 fano
818 1048 883 1077 vult
909 1048 1014 1078 tollere

125 1090 302 1120 Hannibal:
331 1091 413 1131 quod
429 1091 534 1120 fanum
552 1097 614 1121 erat
639 1090 676 1120 ad
692 1091 931 1130 promontorium
948 1090 1010 1120 La-

121 1133 246 1163 cinium.
274 1133 344 1163 Vid.
363 1134 497 1163 Gronov.
518 1134 556 1163 ad
573 1134 642 1163 Liv.
657 1132 784 1169 XXIV,
802 1136 831 1163 3.
855 1133 944 1163 Verr.
962 1132 1009 1172 ΙΙ,

126 1176 174 1206 19.
193 1176 305 1206 Samia.
323 1176 408 1206 Mur.
426 1179 478 1207 41.
494 1177 624 1217 Sospita,
642 1176 784 1206 Lanuvii.

162 1220 290 1256 ιῙιιρῐιεν,
315 1219 354 1249 N.
372 1219 415 1248 D.
436 1218 500 1255 ΙΙΙ,
518 1222 567 1249 21.
593 1219 670 1248 Tres
684 1219 778 1248 Joves
793 1224 1001 1249 numerantur.

120 1260 189 1290 Fin.
205 1260 269 1298 ΙΙΙ,
287 1265 336 1291 20.
356 1262 512 1298 Salutaris,
531 1262 707 1301 Hospitalis.
720 1261 758 1290 ad
770 1260 842 1290 Div.
864 1260 941 1297 VII,
961 1265 1010 1292 12.

121 1303 288 1344 Lapideus.
306 1315 331 1334 c.
350 1306 400 1333 58.
418 1306 480 1344 ejus
496 1305 552 1334 tria
572 1304 603 1333 in
626 1305 697 1334 orbe
713 1303 798 1343 signa
817 1304 1009 1334 celebraban-

118 1352 180 1375 tur.
198 1347 236 1376 ad
254 1346 324 1376 Div.
344 1346 405 1383 IX,
427 1351 475 1378 16.
492 1347 662 1383 Minianus,
687 1346 759 1386 quia
774 1346 934 1387 quotannis
950 1347 1008 1376 nsi-

119 1389 170 1419 nio
194 1389 364 1429 pingendus
384 1390 547 1420 Iocabatur.
570 1390 657 1419 Verr.
676 1389 717 1425 V,
742 1390 793 1419 53.
816 1388 1004 1429 Olympius3

119 1432 184 1470 ejus
200 1432 348 1472 templum
370 1432 534 1472 Syracusis.
562 1432 634 1462 Div.
654 1430 699 1467 II,
724 1434 775 1461 41.
791 1442 866 1472 puer
880 1432 1003 1470 lactens,

118 1483 188 1503 cum
203 1474 339 1512 Junone,
357 1475 500 1504 Fortunae
515 1475 546 1504 in
569 1475 683 1514 gremio
699 1474 815 1511 sedens,
836 1484 1005 1504 mammam

119 1522 274 1556 appetens,
297 1518 459 1547 castissime
481 1517 588 1547 colitur
608 1528 626 1546 a
646 1517 802 1547 matribus.
826 1516 905 1555 Ejus
928 1523 1007 1547 tem-

117 1559 205 1598 plum
222 1559 382 1589 Praeneste.
398 1560 435 1590 de
447 1560 520 1589 Div.
534 1561 561 1597 I,
574 1561 626 1589 35.
645 1560 745 1589 Stator
758 1570 766 1588 ι
789 1560 853 1598 ejus
869 1559 1001 1599 signum.

116 1601 148 1630 in
166 1602 226 1631 Pis.
243 1603 294 1631 35.
318 1603 422 1639 Urius,
450 1603 469 1631 i.
492 1613 516 1632 e.
542 1608 645 1632 auctor
664 1603 812 1631 bonorum
834 1608 1006 1633 ventorum.

116 1643 201 1674 Eum
226 1645 330 1674 Latini
353 1644 570 1685 Imperatorem
593 1645 737 1674 vocarunt
755 1645 856 1684 (Verr.
872 1643 912 1679 V,
929 1645 1000 1683 57),

116 1686 203 1717 nulla
229 1687 328 1717 Graeci
354 1687 436 1717 verbi
462 1688 576 1717 ratione
600 1686 714 1717 habita.
740 1687 812 1716 Vid.
839 1687 939 1717 Graev.
960 1688 999 1717 ad

114 1728 202 1759 Verr.
217 1730 238 1759 1.
253 1740 278 1760 c.
294 1740 322 1760 v.
341 1736 371 1760 et
392 1730 457 1760 loca
472 1736 607 1760 veterum
627 1729 664 1760 de
682 1730 796 1769 templo
819 1729 997 1769 Bosporano

111 1770 199 1803 Jovis
214 1772 282 1802 Urii
297 1783 346 1814 ap.
371 1772 552 1813 Taylorum,
569 1772 652 1813 praef.
674 1771 712 1801 ad
738 1772 819 1802 Diss.
841 1772 872 1802 in
894 1772 992 1813 legem
