1137 1848
251 66 401 98 INDEX
422 65 792 98 GEOGRAPHICUS.
924 67 965 102 67

121 154 213 190 Atlas,
225 162 313 184 mons
325 152 522 183 Mauritaniae
531 152 706 193 Tingitanae
716 152 748 182 in
762 152 871 183 Africa
881 153 963 184 altis-

76 197 182 228 simus.

122 240 293 275 Attalenses‚
309 238 365 270 Or.
388 237 426 268 de
442 238 518 279 Leg.
541 238 654 279 Agrar.
672 237 700 275 Ι,
717 240 756 274 2ς
774 237 821 275 ΙΙ,
842 241 893 275 19,
909 249 962 279 po-

78 283 170 324 pulus
183 282 314 319 Attaleae,
324 281 533 322 urbisLyciae3
551 291 741 323 quamquam
752 282 803 311 alii
819 282 877 312 alio
890 282 965 312 refe-

80 331 160 356 runt.

124 369 219 404 Aulis,
242 367 336 398 Tusc.
355 367 418 405 Qu.
435 366 463 403 Ι,
480 368 534 403 48,
556 373 661 408 portus
677 367 802 398 Boeotiae
817 367 855 397 ad
872 368 964 398 Euri-

77 421 166 452 pum,
182 411 263 441 unde
278 410 378 441 classis
394 410 569 441 Graecorum
582 410 610 439 T
612 411 707 450 rojam
722 411 893 451 profectura
907 411 965 441 sol-

80 460 133 484 v1t.

124 497 250 527 Aurelia
270 498 328 533 υἱα,
353 496 434 527 Phil.
450 496 532 532 XII,
549 497 581 532 9,
597 507 651 536 per
665 496 819 527 maritima.
832 496 965 527 Etruria²

77 539 190 570 ducens
206 541 291 570 Pisas
307 550 421 575 versus,
446 540 493 569 vel
515 539 554 569 ad
575 539 653 574 illas,
670 545 705 569 ut
721 550 757 569 ex
775 540 964 580 peutingeri-

76 583 136 613 ana
151 583 256 613 tabula
270 591 300 613 et
316 582 453 612 Itinerar.
469 582 621 612 Antonini
637 582 827 623 intelligitur,
850 583 881 612 in
897 583 965 624 qui·

77 627 134 656 bus
149 626 241 656 etiam
256 631 368 656 tractus
383 626 447 664 ejus
463 632 726 655 commemoratur.

123 669 238 699 Aurelii
251 669 374 710 gradus,
394 678 450 709 pro
465 668 587 705 Flacco,
604 669 656 698 28.
684 668 724 699 V.
741 667 895 698 Aurelium
911 671 965 698 tri-

81 712 179 742 bunal.

121 754 279 785 Aurelium
296 754 436 789 tribunal,
458 753 489 783 in
506 753 607 784 Pison.
625 755 657 790 5,
674 764 785 784 nomen
800 754 903 793 habet,
920 756 967 785 in-

80 803 197 827 certum
212 808 230 827 a
245 807 306 838 quo
321 797 469 827 Aurelio:
487 803 673 826 exstructum
689 807 773 833 saxo,
789 808 859 827 cum
875 799 968 839 vulgo

80 841 181 880 lignea
207 846 236 870 et
259 840 384 870 mobilia
407 839 571 870 tribunalia
596 839 830 879 magistratuum
857 848 966 877 essent,

79 883 361 923 circumdatumque
383 882 538 923 gradibus„
555 882 608 922 qui
626 882 696 912 inde
718 883 833 912 Aurelii
856 885 969 921 gradus

78 926 234 956 dicuntur.
263 926 428 961 Caeterum‚
445 936 461 955 e
475 924 547 955 locis
560 925 726 962 Ciceronis,
742 925 774 955 in
789 926 901 966 quibus
916 927 969 956 tri-

79 969 201 999 bunalis
216 968 337 998 Aurelii
353 974 382 998 et
403 967 555 1008 graduum
571 967 770 998 Aureliorum
793 969 907 1000 mentio
922 969 967 1006 fit,

80 1011 209 1051 intelligi
224 1017 331 1052 potest,
347 1010 390 1041 ibi
406 1010 516 1040 versari
538 1010 657 1040 solitam
680 1010 774 1040 fuisse
795 1012 968 1042 multitudi-

80 1063 152 1084 nem
165 1054 327 1084 hominum
349 1053 537 1094 plebeiorum
552 1059 581 1083 et
595 1053 794 1094 perditorum,
810 1054 889 1085 inter
903 1055 969 1093 hos,

81 1097 173 1128 etiam
188 1097 324 1127 Judaeos.

126 1141 314 1175 Aventinum,
330 1139 369 1170 ad
384 1139 447 1169 Att.
464 1139 546 1175 XII,
563 1139 617 1176 32,
640 1148 728 1169 mons
748 1139 831 1170 urbis
848 1140 968 1178 Romae,

80 1182 112 1212 in
127 1193 189 1224 quo
206 1181 364 1214 Cicerones
378 1181 505 1212 domum
528 1187 582 1213 aut
603 1183 741 1212 tabernas
763 1182 903 1214 habuisse
924 1184 970 1214 vi-

80 1225 201 1256 dentur.

126 1268 271 1305 Avernus,
289 1267 382 1298 Tusc-
403 1267 521 1306 Quaest.
537 1268 567 1305 Ι,
589 1271 638 1305 16,
654 1267 737 1298 lacus
752 1267 783 1297 in
799 1268 970 1310 Campania.

83 1311 234 1353 pestilens.

127 1355 213 1392 Aria,
236 1353 348 1385 Caecin.
366 1354 399 1393 7,
415 1354 572 1385 castellum
587 1354 619 1384 in
635 1363 707 1394 agro
722 1353 947 1395 Tarquiniensi.

512 1440 552 1471 Β.

128 1525 221 1564 Baiae,
250 1527 334 1558 locus
362 1526 584 1557 amoenissimus
606 1526 638 1557 in
668 1526 848 1567 Campania,
879 1538 972 1570 prope

81 1579 177 1607 mare,
193 1574 223 1600 et
241 1569 383 1610 frequens
405 1569 591 1608 hominibus,
616 1569 670 1611 qui
685 1580 720 1600 eo
734 1576 856 1611 propter
878 1582 973 1612 aquas

82 1612 194 1643 calidas
209 1612 378 1643 veniebant.

127 1654 311 1690 Balearicus,
333 1655 371 1686 de
394 1655 496 1687 Divin.
515 1656 544 1693 Ι,
560 1657 592 1691 2,
615 1666 633 1686 a
648 1656 826 1687 Balearibus
852 1656 970 1695 insulis,

86 1708 179 1739 prope
196 1698 388 1738 Hispaniam.
412 1700 589 1739 Cognomen
606 1699 737 1729 Metelli.

131 1740 311 1782 Bargyleeoe,
334 1741 373 1772 ad
397 1741 470 1772 Div.
498 1741 600 1781 XIII,
629 1743 683 1780 56,
708 1742 815 1774 incolae
832 1743 970 1784 Bargyli‚
