<?xml version="1.0" encoding="UTF-8"?>
<!DOCTYPE html PUBLIC "-//W3C//DTD XHTML 1.0 Transitional//EN"
    "http://www.w3.org/TR/xhtml1/DTD/xhtml1-transitional.dtd">
<html xmlns="http://www.w3.org/1999/xhtml" xml:lang="en" lang="en">
 <head>
  <title>
</title>
<meta http-equiv="Content-Type" content="text/html;charset=utf-8" />
  <meta name='ocr-system' content='tesseract 3.04.00' />
  <meta name='ocr-capabilities' content='ocr_page ocr_carea ocr_par ocr_line ocrx_word'/>
</head>
<body>
  <div class='ocr_page' id='page_1' title='image "./operaern12ciceuoft_0416.png"; bbox 0 0 1122 1868; ppageno 0'>
   <div class='ocr_carea' id='block_1_1' title="bbox 151 74 822 109">
    <p class='ocr_par' dir='ltr' id='par_1_1' title="bbox 151 74 822 109">
     <span class='ocr_line' id='line_1_1' title="bbox 151 74 822 109; baseline -0.003 -1"><span class='ocrx_word' id='word_1_1' title='bbox 151 78 213 108; x_wconf 77' lang='lat'><strong>404</strong></span> <span class='ocrx_word' id='word_1_2' title='bbox 359 74 509 107; x_wconf 88' lang='lat' dir='ltr'>INDEX</span> <span class='ocrx_word' id='word_1_3' title='bbox 534 74 822 109; x_wconf 83' lang='lat' dir='ltr'><strong>HISTORICUS.</strong></span> 
     </span>
    </p>
   </div>
   <div class='ocr_carea' id='block_1_2' title="bbox 138 161 1038 1789">
    <p class='ocr_par' dir='ltr' id='par_1_2' title="bbox 143 161 1037 457">
     <span class='ocr_line' id='line_1_2' title="bbox 147 161 1036 204; baseline 0.001 -12"><span class='ocrx_word' id='word_1_4' title='bbox 147 172 240 204; x_wconf 87' lang='lat' dir='ltr'><strong>quem</strong></span> <span class='ocrx_word' id='word_1_5' title='bbox 252 162 346 200; x_wconf 90' lang='lat' dir='ltr'><strong>enim,</strong></span> <span class='ocrx_word' id='word_1_6' title='bbox 362 162 421 193; x_wconf 85' lang='lat' dir='ltr'><strong>nisi</strong></span> <span class='ocrx_word' id='word_1_7' title='bbox 435 167 614 203; x_wconf 84' lang='lat' dir='ltr'><strong>quaestorem</strong></span> <span class='ocrx_word' id='word_1_8' title='bbox 626 162 801 203; x_wconf 86' lang='lat' dir='ltr'><strong>praeficeret,</strong></span> <span class='ocrx_word' id='word_1_9' title='bbox 817 161 968 203; x_wconf 86' lang='lat' dir='ltr'><strong>praeficere</strong></span> <span class='ocrx_word' id='word_1_10' title='bbox 982 172 1036 203; x_wconf 84' lang='lat' dir='ltr'><strong>po-</strong></span> 
     </span>
     <span class='ocr_line' id='line_1_3' title="bbox 148 205 1034 246; baseline 0 -10"><span class='ocrx_word' id='word_1_11' title='bbox 148 211 235 242; x_wconf 76' lang='lat' dir='ltr'><strong>terat,</strong></span> <span class='ocrx_word' id='word_1_12' title='bbox 262 205 321 236; x_wconf 84' lang='lat' dir='ltr'><strong>nisi</strong></span> <span class='ocrx_word' id='word_1_13' title='bbox 345 206 481 246; x_wconf 83' lang='lat' dir='ltr'><strong>legatum</strong></span> <span class='ocrx_word' id='word_1_14' title='bbox 505 206 664 246; x_wconf 80' lang='lat' dir='ltr'>aliquem?</span> <span class='ocrx_word' id='word_1_15' title='bbox 688 205 730 236; x_wconf 89' lang='lat' dir='ltr'><strong>V.</strong></span> <span class='ocrx_word' id='word_1_16' title='bbox 756 205 795 236; x_wconf 86' lang='lat' dir='ltr'><strong>ad</strong></span> <span class='ocrx_word' id='word_1_17' title='bbox 821 205 894 236; x_wconf 83' lang='lat' dir='ltr'><strong>Div.</strong></span> <span class='ocrx_word' id='word_1_18' title='bbox 917 205 964 244; x_wconf 94' lang='lat' dir='ltr'><strong>II,</strong></span> <span class='ocrx_word' id='word_1_19' title='bbox 983 209 1034 236; x_wconf 87' lang='lat'><strong>15.</strong></span> 
     </span>
     <span class='ocr_line' id='line_1_4' title="bbox 148 248 1037 279; baseline -0.001 0"><span class='ocrx_word' id='word_1_20' title='bbox 148 249 228 279; x_wconf 87' lang='lat' dir='ltr'>Sunt</span> <span class='ocrx_word' id='word_1_21' title='bbox 242 255 345 279; x_wconf 87' lang='lat' dir='ltr'><strong>autem</strong></span> <span class='ocrx_word' id='word_1_22' title='bbox 361 259 377 278; x_wconf 90' lang='lat' dir='ltr'><strong>e</strong></span> <span class='ocrx_word' id='word_1_23' title='bbox 392 248 537 278; x_wconf 77' lang='lat' dir='ltr'><strong>Fabriciis</strong></span> <span class='ocrx_word' id='word_1_24' title='bbox 560 249 752 279; x_wconf 78' lang='lat' dir='ltr'><strong>Veientones.</strong></span> <span class='ocrx_word' id='word_1_25' title='bbox 775 248 819 278; x_wconf 85' lang='lat' dir='ltr'><strong>Et</strong></span> <span class='ocrx_word' id='word_1_26' title='bbox 833 248 957 279; x_wconf 83' lang='lat' dir='ltr'><strong>fortasse</strong></span> <span class='ocrx_word' id='word_1_27' title='bbox 976 248 1037 278; x_wconf 86' lang='lat' dir='ltr'><strong>hu·-</strong></span> 
     </span>
     <span class='ocr_line' id='line_1_5' title="bbox 143 290 1035 332; baseline 0 -11"><span class='ocrx_word' id='word_1_28' title='bbox 143 292 196 330; x_wconf 80' lang='lat' dir='ltr'><strong>jus</strong></span> <span class='ocrx_word' id='word_1_29' title='bbox 220 301 314 332; x_wconf 85' lang='lat' dir='ltr'><strong>nepos</strong></span> <span class='ocrx_word' id='word_1_30' title='bbox 340 291 400 321; x_wconf 82' lang='lat' dir='ltr'><strong>fuit</strong></span> <span class='ocrx_word' id='word_1_31' title='bbox 414 296 466 321; x_wconf 87' lang='lat' dir='ltr'><strong>aut</strong></span> <span class='ocrx_word' id='word_1_32' title='bbox 483 301 631 331; x_wconf 84' lang='lat' dir='ltr'>pronepos</span> <span class='ocrx_word' id='word_1_33' title='bbox 652 290 693 321; x_wconf 78' lang='lat' dir='ltr'><strong>A.</strong></span> <span class='ocrx_word' id='word_1_34' title='bbox 711 291 867 321; x_wconf 73' lang='lat' dir='ltr'><strong>Fabricius</strong></span> <span class='ocrx_word' id='word_1_35' title='bbox 894 291 1035 329; x_wconf 79' lang='lat' dir='ltr'><strong>Veiento,</strong></span> 
     </span>
     <span class='ocr_line' id='line_1_6' title="bbox 147 333 1035 376; baseline 0.001 -13"><span class='ocrx_word' id='word_1_36' title='bbox 147 334 212 374; x_wconf 91' lang='lat' dir='ltr'><strong>qui,</strong></span> <span class='ocrx_word' id='word_1_37' title='bbox 229 340 296 374; x_wconf 84' lang='lat' dir='ltr'><strong>post</strong></span> <span class='ocrx_word' id='word_1_38' title='bbox 311 339 486 375; x_wconf 81' lang='lat' dir='ltr'><strong>praeturam,</strong></span> <span class='ocrx_word' id='word_1_39' title='bbox 504 333 546 363; x_wconf 86' lang='lat' dir='ltr'><strong>A.</strong></span> <span class='ocrx_word' id='word_1_40' title='bbox 570 336 645 371; x_wconf 70' lang='lat'><strong>807,</strong></span> <span class='ocrx_word' id='word_1_41' title='bbox 665 345 683 364; x_wconf 85' lang='lat' dir='ltr'>a</span> <span class='ocrx_word' id='word_1_42' title='bbox 699 335 821 364; x_wconf 81' lang='lat' dir='ltr'>Nerone</span> <span class='ocrx_word' id='word_1_43' title='bbox 838 334 868 363; x_wconf 89' lang='lat' dir='ltr'><strong>in</strong></span> <span class='ocrx_word' id='word_1_44' title='bbox 891 334 1035 376; x_wconf 58' lang='lat' dir='ltr'><strong>exsiIium</strong></span> 
     </span>
     <span class='ocr_line' id='line_1_7' title="bbox 146 376 1036 418; baseline 0.001 -12"><span class='ocrx_word' id='word_1_45' title='bbox 146 377 258 407; x_wconf 80' lang='lat' dir='ltr'><strong>missus</strong></span> <span class='ocrx_word' id='word_1_46' title='bbox 273 383 326 407; x_wconf 88' lang='lat' dir='ltr'><strong>est.</strong></span> <span class='ocrx_word' id='word_1_47' title='bbox 360 377 409 407; x_wconf 90' lang='lat' dir='ltr'><strong>De</strong></span> <span class='ocrx_word' id='word_1_48' title='bbox 427 387 462 408; x_wconf 91' lang='lat' dir='ltr'><strong>eo</strong></span> <span class='ocrx_word' id='word_1_49' title='bbox 477 377 655 418; x_wconf 81' lang='lat' dir='ltr'><strong>Xiphilinus</strong></span> <span class='ocrx_word' id='word_1_50' title='bbox 678 378 708 407; x_wconf 85' lang='lat' dir='ltr'><strong>in</strong></span> <span class='ocrx_word' id='word_1_51' title='bbox 726 378 859 414; x_wconf 85' lang='lat' dir='ltr'><strong>Nerone,</strong></span> <span class='ocrx_word' id='word_1_52' title='bbox 883 383 912 407; x_wconf 90' lang='lat' dir='ltr'><strong>et</strong></span> <span class='ocrx_word' id='word_1_53' title='bbox 935 376 1036 407; x_wconf 82' lang='lat' dir='ltr'><strong>Tacit.</strong></span> 
     </span>
     <span class='ocr_line' id='line_1_8' title="bbox 146 420 411 457; baseline 0.008 -9"><span class='ocrx_word' id='word_1_54' title='bbox 146 420 229 449; x_wconf 89' lang='lat' dir='ltr'><strong>Ann.</strong></span> <span class='ocrx_word' id='word_1_55' title='bbox 246 420 342 457; x_wconf 84' lang='lat' dir='ltr'><strong>XIV,</strong></span> <span class='ocrx_word' id='word_1_56' title='bbox 361 421 411 450; x_wconf 85' lang='lat'><strong>50.</strong></span> 
     </span>
    </p>

    <p class='ocr_par' dir='ltr' id='par_1_3' title="bbox 143 461 1038 632">
     <span class='ocr_line' id='line_1_9' title="bbox 193 461 1038 503; baseline -0.001 -10"><span class='ocrx_word' id='word_1_57' title='bbox 193 464 229 493; x_wconf 82' lang='lat' dir='ltr'><strong>C.</strong></span> <span class='ocrx_word' id='word_1_58' title='bbox 254 464 390 498; x_wconf 75' lang='lat' dir='ltr'><strong>Velleius,</strong></span> <span class='ocrx_word' id='word_1_59' title='bbox 410 462 551 499; x_wconf 79' lang='lat' dir='ltr'><strong>Or.111,</strong></span> <span class='ocrx_word' id='word_1_60' title='bbox 577 465 628 493; x_wconf 81' lang='lat'><strong>21.</strong></span> <span class='ocrx_word' id='word_1_61' title='bbox 655 462 813 502; x_wconf 61' lang='lat' dir='ltr'><strong>Epicureae</strong></span> <span class='ocrx_word' id='word_1_62' title='bbox 837 461 1038 503; x_wconf 58' lang='lat' dir='ltr'><strong>philosophiae</strong></span> 
     </span>
     <span class='ocr_line' id='line_1_10' title="bbox 147 504 1037 543; baseline 0 -9"><span class='ocrx_word' id='word_1_63' title='bbox 147 504 296 543; x_wconf 83' lang='lat' dir='ltr'><strong>addictus,</strong></span> <span class='ocrx_word' id='word_1_64' title='bbox 313 506 352 536; x_wconf 83' lang='lat' dir='ltr'><strong>L.</strong></span> <span class='ocrx_word' id='word_1_65' title='bbox 364 504 465 536; x_wconf 81' lang='lat' dir='ltr'>Crassi</span> <span class='ocrx_word' id='word_1_66' title='bbox 480 505 618 536; x_wconf 77' lang='lat' dir='ltr'><strong>Oraton&#39;s</strong></span> <span class='ocrx_word' id='word_1_67' title='bbox 632 504 799 538; x_wconf 83' lang='lat' dir='ltr'><strong>familiaris.</strong></span> <span class='ocrx_word' id='word_1_68' title='bbox 822 505 896 535; x_wconf 81' lang='lat' dir='ltr'><strong>Nat.</strong></span> <span class='ocrx_word' id='word_1_69' title='bbox 910 505 952 534; x_wconf 88' lang='lat' dir='ltr'><strong>D.</strong></span> <span class='ocrx_word' id='word_1_70' title='bbox 966 505 994 542; x_wconf 92' lang='grc' dir='ltr'><strong>Ι,</strong></span> <span class='ocrx_word' id='word_1_71' title='bbox 1006 505 1037 534; x_wconf 88' lang='grc'><strong>6.</strong></span> 
     </span>
     <span class='ocr_line' id='line_1_11' title="bbox 145 547 1038 589; baseline -0.001 -11"><span class='ocrx_word' id='word_1_72' title='bbox 145 554 274 586; x_wconf 82' lang='lat' dir='ltr'><strong>senator,</strong></span> <span class='ocrx_word' id='word_1_73' title='bbox 292 548 330 578; x_wconf 86' lang='lat' dir='ltr'><strong>ad</strong></span> <span class='ocrx_word' id='word_1_74' title='bbox 349 559 441 589; x_wconf 85' lang='lat' dir='ltr'><strong>quem</strong></span> <span class='ocrx_word' id='word_1_75' title='bbox 468 554 534 577; x_wconf 88' lang='lat' dir='ltr'><strong>tum</strong></span> <span class='ocrx_word' id='word_1_76' title='bbox 550 548 695 588; x_wconf 82' lang='lat' dir='ltr'><strong>Epicurei</strong></span> <span class='ocrx_word' id='word_1_77' title='bbox 718 548 832 588; x_wconf 89' lang='lat' dir='ltr'><strong>primas</strong></span> <span class='ocrx_word' id='word_1_78' title='bbox 853 547 1038 578; x_wconf 87' lang='lat' dir='ltr'><strong>deferebant.</strong></span> 
     </span>
     <span class='ocr_line' id='line_1_12' title="bbox 143 590 760 632; baseline -0.002 -12"><span class='ocrx_word' id='word_1_79' title='bbox 143 590 206 621; x_wconf 83' lang='lat' dir='ltr'><strong>Hic</strong></span> <span class='ocrx_word' id='word_1_80' title='bbox 221 597 276 627; x_wconf 83' lang='lat' dir='ltr'><strong>est,</strong></span> <span class='ocrx_word' id='word_1_81' title='bbox 291 591 345 632; x_wconf 90' lang='lat' dir='ltr'><strong>qui</strong></span> <span class='ocrx_word' id='word_1_82' title='bbox 361 591 429 621; x_wconf 90' lang='lat' dir='ltr'><strong>trib.</strong></span> <span class='ocrx_word' id='word_1_83' title='bbox 445 591 487 631; x_wconf 87' lang='lat' dir='ltr'><strong>pl.</strong></span> <span class='ocrx_word' id='word_1_84' title='bbox 500 591 559 620; x_wconf 83' lang='lat' dir='ltr'><strong>fuit</strong></span> <span class='ocrx_word' id='word_1_85' title='bbox 574 594 616 621; x_wconf 92' lang='lat' dir='ltr'><strong>A.</strong></span> <span class='ocrx_word' id='word_1_86' title='bbox 630 591 671 621; x_wconf 84' lang='lat' dir='ltr'><strong>U.</strong></span> <span class='ocrx_word' id='word_1_87' title='bbox 687 591 760 620; x_wconf 81' lang='lat'><strong>663.</strong></span> 
     </span>
    </p>

    <p class='ocr_par' dir='ltr' id='par_1_4' title="bbox 144 632 1037 845">
     <span class='ocr_line' id='line_1_13' title="bbox 192 632 1037 674; baseline -0.001 -11"><span class='ocrx_word' id='word_1_88' title='bbox 192 634 228 669; x_wconf 87' lang='lat' dir='ltr'><strong>Q.</strong></span> <span class='ocrx_word' id='word_1_89' title='bbox 260 633 398 671; x_wconf 67' lang='lat' dir='ltr'><strong>Velocius,</strong></span> <span class='ocrx_word' id='word_1_90' title='bbox 424 634 480 664; x_wconf 93' lang='lat' dir='ltr'><strong>Or.</strong></span> <span class='ocrx_word' id='word_1_91' title='bbox 509 632 574 670; x_wconf 90' lang='lat' dir='ltr'><strong>III,</strong></span> <span class='ocrx_word' id='word_1_92' title='bbox 602 637 653 664; x_wconf 80' lang='lat'><strong>23.</strong></span> <span class='ocrx_word' id='word_1_93' title='bbox 683 632 895 674; x_wconf 84' lang='lat' dir='ltr'>gladiatoriam</span> <span class='ocrx_word' id='word_1_94' title='bbox 931 632 1037 663; x_wconf 83' lang='lat' dir='ltr'><strong>didicit</strong></span> 
     </span>
     <span class='ocr_line' id='line_1_14' title="bbox 144 675 1036 718; baseline -0.001 -12"><span class='ocrx_word' id='word_1_95' title='bbox 144 687 244 717; x_wconf 80' lang='lat' dir='ltr'><strong>puer:</strong></span> <span class='ocrx_word' id='word_1_96' title='bbox 267 676 320 707; x_wconf 84' lang='lat' dir='ltr'><strong>sed</strong></span> <span class='ocrx_word' id='word_1_97' title='bbox 344 676 466 706; x_wconf 87' lang='lat' dir='ltr'><strong>adultus</strong></span> <span class='ocrx_word' id='word_1_98' title='bbox 489 677 558 717; x_wconf 83' lang='lat' dir='ltr'><strong>plus</strong></span> <span class='ocrx_word' id='word_1_99' title='bbox 582 687 680 718; x_wconf 87' lang='lat' dir='ltr'><strong>operae</strong></span> <span class='ocrx_word' id='word_1_100' title='bbox 700 676 776 713; x_wconf 83' lang='lat' dir='ltr'><strong>foro,</strong></span> <span class='ocrx_word' id='word_1_101' title='bbox 802 675 918 712; x_wconf 89' lang='lat' dir='ltr'><strong>amicis,</strong></span> <span class='ocrx_word' id='word_1_102' title='bbox 940 681 970 705; x_wconf 90' lang='lat' dir='ltr'><strong>et</strong></span> <span class='ocrx_word' id='word_1_103' title='bbox 992 675 1036 706; x_wconf 81' lang='lat' dir='ltr'><strong>rei</strong></span> 
     </span>
     <span class='ocr_line' id='line_1_15' title="bbox 144 718 1034 759; baseline 0 -11"><span class='ocrx_word' id='word_1_104' title='bbox 144 719 298 755; x_wconf 75' lang='lat' dir='ltr'><strong>familiari,</strong></span> <span class='ocrx_word' id='word_1_105' title='bbox 310 719 425 749; x_wconf 79' lang='lat' dir='ltr'><strong>tribuit.</strong></span> <span class='ocrx_word' id='word_1_106' title='bbox 437 719 601 759; x_wconf 78' lang='lat' dir='ltr'><strong>Perperam</strong></span> <span class='ocrx_word' id='word_1_107' title='bbox 617 729 655 749; x_wconf 87' lang='lat' dir='ltr'><strong>ex</strong></span> <span class='ocrx_word' id='word_1_108' title='bbox 669 719 701 749; x_wconf 93' lang='lat' dir='ltr'><strong>h.</strong></span> <span class='ocrx_word' id='word_1_109' title='bbox 718 719 738 748; x_wconf 96' lang='lat' dir='ltr'><strong>l.</strong></span> <span class='ocrx_word' id='word_1_110' title='bbox 752 718 866 759; x_wconf 84' lang='lat' dir='ltr'><strong>colligit</strong></span> <span class='ocrx_word' id='word_1_111' title='bbox 879 718 1034 755; x_wconf 87' lang='lat' dir='ltr'><strong>Petavius‚</strong></span> 
     </span>
     <span class='ocr_line' id='line_1_16' title="bbox 144 761 1036 802; baseline 0 -11"><span class='ocrx_word' id='word_1_112' title='bbox 144 762 227 802; x_wconf 89' lang='lat' dir='ltr'><strong>apud</strong></span> <span class='ocrx_word' id='word_1_113' title='bbox 249 762 407 793; x_wconf 82' lang='lat' dir='ltr'><strong>Olivetum</strong></span> <span class='ocrx_word' id='word_1_114' title='bbox 427 762 465 792; x_wconf 83' lang='lat' dir='ltr'><strong>ad</strong></span> <span class='ocrx_word' id='word_1_115' title='bbox 492 763 523 792; x_wconf 89' lang='lat' dir='ltr'><strong>h.</strong></span> <span class='ocrx_word' id='word_1_116' title='bbox 547 763 568 792; x_wconf 93' lang='lat' dir='ltr'><strong>l.</strong></span> <span class='ocrx_word' id='word_1_117' title='bbox 590 772 661 792; x_wconf 89' lang='lat' dir='ltr'><strong>eum</strong></span> <span class='ocrx_word' id='word_1_118' title='bbox 684 761 826 792; x_wconf 81' lang='lat' dir='ltr'><strong>lanistam</strong></span> <span class='ocrx_word' id='word_1_119' title='bbox 851 767 880 791; x_wconf 85' lang='lat' dir='ltr'><strong>et</strong></span> <span class='ocrx_word' id='word_1_120' title='bbox 904 767 1036 791; x_wconf 86' lang='lat' dir='ltr'><strong>actorem</strong></span> 
     </span>
     <span class='ocr_line' id='line_1_17' title="bbox 147 804 698 845; baseline 0 -11"><span class='ocrx_word' id='word_1_121' title='bbox 147 814 307 835; x_wconf 87' lang='lat' dir='ltr'><strong>causarum</strong></span> <span class='ocrx_word' id='word_1_122' title='bbox 323 805 429 835; x_wconf 87' lang='lat' dir='ltr'><strong>eodem</strong></span> <span class='ocrx_word' id='word_1_123' title='bbox 444 813 579 845; x_wconf 84' lang='lat' dir='ltr'><strong>tempore</strong></span> <span class='ocrx_word' id='word_1_124' title='bbox 594 804 698 845; x_wconf 84' lang='lat' dir='ltr'><strong>egisse.</strong></span> 
     </span>
    </p>

    <p class='ocr_par' dir='ltr' id='par_1_5' title="bbox 146 846 1035 964">
     <span class='ocr_line' id='line_1_18' title="bbox 195 846 1035 886; baseline 0.001 -10"><span class='ocrx_word' id='word_1_125' title='bbox 195 848 347 884; x_wconf 75' lang='lat' dir='ltr'><strong>Veluinus,</strong></span> <span class='ocrx_word' id='word_1_126' title='bbox 363 848 402 878; x_wconf 86' lang='lat' dir='ltr'><strong>ad</strong></span> <span class='ocrx_word' id='word_1_127' title='bbox 418 847 459 885; x_wconf 87' lang='lat' dir='ltr'><strong>Q.</strong></span> <span class='ocrx_word' id='word_1_128' title='bbox 484 848 536 878; x_wconf 86' lang='lat' dir='ltr'><strong>Fr.</strong></span> <span class='ocrx_word' id='word_1_129' title='bbox 559 847 587 886; x_wconf 87' lang='lat' dir='ltr'><strong>I,</strong></span> <span class='ocrx_word' id='word_1_130' title='bbox 607 851 632 877; x_wconf 86' lang='lat'><strong>1.</strong></span> <span class='ocrx_word' id='word_1_131' title='bbox 656 852 685 878; x_wconf 82' lang='lat'><strong>2.</strong></span> <span class='ocrx_word' id='word_1_132' title='bbox 702 857 813 877; x_wconf 91' lang='lat' dir='ltr'><strong>nomen</strong></span> <span class='ocrx_word' id='word_1_133' title='bbox 833 846 965 877; x_wconf 75' lang='lat' dir='ltr'><strong>hominis</strong></span> <span class='ocrx_word' id='word_1_134' title='bbox 980 847 1035 877; x_wconf 88' lang='lat' dir='ltr'><strong>ob-</strong></span> 
     </span>
     <span class='ocr_line' id='line_1_19' title="bbox 146 888 1035 932; baseline -0.002 -12"><span class='ocrx_word' id='word_1_135' title='bbox 146 890 237 928; x_wconf 84' lang='lat' dir='ltr'><strong>scuri,</strong></span> <span class='ocrx_word' id='word_1_136' title='bbox 260 891 314 931; x_wconf 90' lang='lat' dir='ltr'><strong>qui</strong></span> <span class='ocrx_word' id='word_1_137' title='bbox 329 890 462 921; x_wconf 83' lang='lat' dir='ltr'><strong>fundum</strong></span> <span class='ocrx_word' id='word_1_138' title='bbox 477 891 610 922; x_wconf 88' lang='lat' dir='ltr'><strong>habebat</strong></span> <span class='ocrx_word' id='word_1_139' title='bbox 631 900 693 921; x_wconf 90' lang='lat' dir='ltr'><strong>non</strong></span> <span class='ocrx_word' id='word_1_140' title='bbox 708 890 814 932; x_wconf 86' lang='lat' dir='ltr'><strong>procul</strong></span> <span class='ocrx_word' id='word_1_141' title='bbox 833 901 852 921; x_wconf 86' lang='lat' dir='ltr'><strong>a</strong></span> <span class='ocrx_word' id='word_1_142' title='bbox 874 889 972 920; x_wconf 84' lang='lat' dir='ltr'><strong>fundo</strong></span> <span class='ocrx_word' id='word_1_143' title='bbox 993 888 1035 927; x_wconf 86' lang='lat' dir='ltr'><strong>Q.</strong></span> 
     </span>
     <span class='ocr_line' id='line_1_20' title="bbox 146 933 312 964; baseline -0.006 0"><span class='ocrx_word' id='word_1_144' title='bbox 146 933 312 964; x_wconf 86' lang='lat' dir='ltr'><strong>Ciceronis.</strong></span> 
     </span>
    </p>

    <p class='ocr_par' dir='ltr' id='par_1_6' title="bbox 191 977 689 1007">
     <span class='ocr_line' id='line_1_21' title="bbox 191 977 689 1007; baseline 0 -1"><span class='ocrx_word' id='word_1_145' title='bbox 191 977 334 1007; x_wconf 38' lang='lat' dir='ltr'><strong>If&#39;enanius</strong></span> <span class='ocrx_word' id='word_1_146' title='bbox 353 977 512 1007; x_wconf 70' lang='lat' dir='ltr'><strong>Vindicius.</strong></span> <span class='ocrx_word' id='word_1_147' title='bbox 529 977 619 1007; x_wconf 85' lang='lat' dir='ltr'><strong>Balb.</strong></span> <span class='ocrx_word' id='word_1_148' title='bbox 636 979 689 1007; x_wconf 79' lang='lat'><strong>25.</strong></span> 
     </span>
    </p>

    <p class='ocr_par' dir='ltr' id='par_1_7' title="bbox 139 1017 1035 1442">
     <span class='ocr_line' id='line_1_22' title="bbox 193 1017 1032 1057; baseline -0.001 -8"><span class='ocrx_word' id='word_1_149' title='bbox 193 1020 225 1049; x_wconf 86' lang='lat' dir='ltr'><strong>C.</strong></span> <span class='ocrx_word' id='word_1_150' title='bbox 251 1020 425 1056; x_wconf 72' lang='lat' dir='ltr'><strong>Vennonius,</strong></span> <span class='ocrx_word' id='word_1_151' title='bbox 450 1020 519 1050; x_wconf 86' lang='lat' dir='ltr'><strong>Att.</strong></span> <span class='ocrx_word' id='word_1_152' title='bbox 546 1020 608 1057; x_wconf 79' lang='lat' dir='ltr'><strong>VI,</strong></span> <span class='ocrx_word' id='word_1_153' title='bbox 639 1023 666 1050; x_wconf 88' lang='lat' dir='ltr'><strong>l.</strong></span> <span class='ocrx_word' id='word_1_154' title='bbox 691 1019 730 1050; x_wconf 82' lang='lat' dir='ltr'><strong>ad</strong></span> <span class='ocrx_word' id='word_1_155' title='bbox 752 1018 826 1049; x_wconf 86' lang='lat' dir='ltr'><strong>Div.</strong></span> <span class='ocrx_word' id='word_1_156' title='bbox 853 1017 955 1055; x_wconf 88' lang='lat' dir='ltr'><strong>XIII,</strong></span> <span class='ocrx_word' id='word_1_157' title='bbox 981 1018 1032 1054; x_wconf 82' lang='grc'><strong>72.</strong></span> 
     </span>
     <span class='ocr_line' id='line_1_23' title="bbox 143 1061 1034 1103; baseline -0.001 -11"><span class='ocrx_word' id='word_1_158' title='bbox 143 1061 283 1099; x_wconf 85' lang='lat' dir='ltr'><strong>Vossius,</strong></span> <span class='ocrx_word' id='word_1_159' title='bbox 311 1062 349 1093; x_wconf 88' lang='lat' dir='ltr'><strong>de</strong></span> <span class='ocrx_word' id='word_1_160' title='bbox 376 1063 458 1093; x_wconf 82' lang='lat' dir='ltr'><strong>Hist.</strong></span> <span class='ocrx_word' id='word_1_161' title='bbox 475 1062 544 1092; x_wconf 87' lang='lat' dir='ltr'><strong>Lat.</strong></span> <span class='ocrx_word' id='word_1_162' title='bbox 561 1063 615 1093; x_wconf 92' lang='lat' dir='ltr'><strong>lib.</strong></span> <span class='ocrx_word' id='word_1_163' title='bbox 632 1061 698 1099; x_wconf 90' lang='lat' dir='ltr'><strong>III,</strong></span> <span class='ocrx_word' id='word_1_164' title='bbox 720 1073 751 1103; x_wconf 88' lang='lat' dir='ltr'><strong>p.</strong></span> <span class='ocrx_word' id='word_1_165' title='bbox 768 1063 842 1099; x_wconf 77' lang='lat'><strong>226,</strong></span> <span class='ocrx_word' id='word_1_166' title='bbox 858 1068 957 1102; x_wconf 86' lang='lat' dir='ltr'><strong>putat,</strong></span> <span class='ocrx_word' id='word_1_167' title='bbox 972 1070 1034 1091; x_wconf 90' lang='lat' dir='ltr'><strong>non</strong></span> 
     </span>
     <span class='ocr_line' id='line_1_24' title="bbox 142 1104 1031 1141; baseline 0 -7"><span class='ocrx_word' id='word_1_168' title='bbox 142 1115 206 1135; x_wconf 85' lang='lat' dir='ltr'><strong>esse</strong></span> <span class='ocrx_word' id='word_1_169' title='bbox 238 1107 402 1135; x_wconf 79' lang='lat' dir='ltr'><strong>Vennonius</strong></span> <span class='ocrx_word' id='word_1_170' title='bbox 426 1105 629 1141; x_wconf 85' lang='lat' dir='ltr'><strong>scribendum,</strong></span> <span class='ocrx_word' id='word_1_171' title='bbox 645 1112 680 1135; x_wconf 85' lang='lat' dir='ltr'><strong>ut</strong></span> <span class='ocrx_word' id='word_1_172' title='bbox 695 1112 739 1135; x_wconf 82' lang='lat' dir='ltr'><strong>est</strong></span> <span class='ocrx_word' id='word_1_173' title='bbox 755 1115 793 1135; x_wconf 89' lang='lat' dir='ltr'><strong>sc.</strong></span> <span class='ocrx_word' id='word_1_174' title='bbox 810 1105 843 1134; x_wconf 89' lang='grc'><strong>11.</strong></span> <span class='ocrx_word' id='word_1_175' title='bbox 859 1114 900 1134; x_wconf 89' lang='lat' dir='ltr'><strong>cc.</strong></span> <span class='ocrx_word' id='word_1_176' title='bbox 918 1110 948 1134; x_wconf 88' lang='lat' dir='ltr'><strong>et</strong></span> <span class='ocrx_word' id='word_1_177' title='bbox 964 1104 1031 1134; x_wconf 86' lang='lat' dir='ltr'><strong>Att.</strong></span> 
     </span>
     <span class='ocr_line' id='line_1_25' title="bbox 145 1147 1033 1188; baseline 0 -12"><span class='ocrx_word' id='word_1_178' title='bbox 145 1147 226 1183; x_wconf 85' lang='lat' dir='ltr'><strong>XII,</strong></span> <span class='ocrx_word' id='word_1_179' title='bbox 250 1152 295 1179; x_wconf 81' lang='lat'><strong>13.</strong></span> <span class='ocrx_word' id='word_1_180' title='bbox 314 1148 388 1188; x_wconf 82' lang='lat' dir='ltr'><strong>Leg.</strong></span> <span class='ocrx_word' id='word_1_181' title='bbox 407 1147 434 1185; x_wconf 91' lang='lat' dir='ltr'><strong>I,</strong></span> <span class='ocrx_word' id='word_1_182' title='bbox 458 1151 488 1178; x_wconf 85' lang='lat'><strong>2.</strong></span> <span class='ocrx_word' id='word_1_183' title='bbox 514 1148 577 1185; x_wconf 86' lang='lat' dir='ltr'><strong>sed,</strong></span> <span class='ocrx_word' id='word_1_184' title='bbox 602 1149 754 1185; x_wconf 75' lang='lat' dir='ltr'><strong>Vcnonius,</strong></span> <span class='ocrx_word' id='word_1_185' title='bbox 774 1147 847 1188; x_wconf 85' lang='lat' dir='ltr'><strong>quia</strong></span> <span class='ocrx_word' id='word_1_186' title='bbox 871 1147 1033 1177; x_wconf 79' lang='lat' dir='ltr'><strong>ducatura</strong></span> 
     </span>
     <span class='ocr_line' id='line_1_26' title="bbox 150 1189 1034 1230; baseline 0 -11"><span class='ocrx_word' id='word_1_187' title='bbox 150 1191 254 1221; x_wconf 74' lang='lat' dir='ltr'><strong>Venor.</strong></span> <span class='ocrx_word' id='word_1_188' title='bbox 278 1191 321 1221; x_wconf 89' lang='lat' dir='ltr'><strong>Et</strong></span> <span class='ocrx_word' id='word_1_189' title='bbox 336 1191 480 1221; x_wconf 80' lang='lat' dir='ltr'><strong>exhibent</strong></span> <span class='ocrx_word' id='word_1_190' title='bbox 494 1201 598 1221; x_wconf 82' lang='lat' dir='ltr'><strong>omnes</strong></span> <span class='ocrx_word' id='word_1_191' title='bbox 614 1190 700 1222; x_wconf 84' lang='lat' dir='ltr'><strong>codd.</strong></span> <span class='ocrx_word' id='word_1_192' title='bbox 716 1196 745 1220; x_wconf 87' lang='lat' dir='ltr'><strong>et</strong></span> <span class='ocrx_word' id='word_1_193' title='bbox 764 1190 832 1220; x_wconf 87' lang='lat' dir='ltr'><strong>edd.</strong></span> <span class='ocrx_word' id='word_1_194' title='bbox 846 1190 925 1220; x_wconf 79' lang='lat' dir='ltr'><strong>hane</strong></span> <span class='ocrx_word' id='word_1_195' title='bbox 940 1189 1034 1230; x_wconf 89' lang='lat' dir='ltr'><strong>scrip-</strong></span> 
     </span>
     <span class='ocr_line' id='line_1_27' title="bbox 139 1233 1035 1274; baseline -0.002 -11"><span class='ocrx_word' id='word_1_196' title='bbox 139 1236 255 1271; x_wconf 73' lang='lat' dir='ltr'><strong>turam,</strong></span> <span class='ocrx_word' id='word_1_197' title='bbox 272 1244 326 1274; x_wconf 85' lang='lat' dir='ltr'><strong>pro</strong></span> <span class='ocrx_word' id='word_1_198' title='bbox 349 1234 449 1264; x_wconf 89' lang='lat' dir='ltr'><strong>Balbo</strong></span> <span class='ocrx_word' id='word_1_199' title='bbox 463 1234 484 1264; x_wconf 91' lang='lat' dir='ltr'><strong>l.</strong></span> <span class='ocrx_word' id='word_1_200' title='bbox 501 1244 525 1264; x_wconf 90' lang='lat' dir='ltr'><strong>c.</strong></span> <span class='ocrx_word' id='word_1_201' title='bbox 550 1234 633 1264; x_wconf 86' lang='lat' dir='ltr'><strong>Mihi</strong></span> <span class='ocrx_word' id='word_1_202' title='bbox 651 1243 721 1264; x_wconf 86' lang='lat' dir='ltr'><strong>vero</strong></span> <span class='ocrx_word' id='word_1_203' title='bbox 735 1233 845 1264; x_wconf 87' lang='lat' dir='ltr'><strong>rectius</strong></span> <span class='ocrx_word' id='word_1_204' title='bbox 868 1234 1035 1263; x_wconf 78' lang='lat' dir='ltr'><strong>Vennonius</strong></span> 
     </span>
     <span class='ocr_line' id='line_1_28' title="bbox 141 1275 1033 1318; baseline -0.002 -12"><span class='ocrx_word' id='word_1_205' title='bbox 141 1275 271 1313; x_wconf 86' lang='lat' dir='ltr'><strong>videtur,</strong></span> <span class='ocrx_word' id='word_1_206' title='bbox 288 1276 334 1306; x_wconf 83' lang='lat' dir='ltr'><strong>uti</strong></span> <span class='ocrx_word' id='word_1_207' title='bbox 357 1282 401 1307; x_wconf 88' lang='lat' dir='ltr'><strong>est</strong></span> <span class='ocrx_word' id='word_1_208' title='bbox 426 1277 457 1306; x_wconf 88' lang='lat' dir='ltr'><strong>in</strong></span> <span class='ocrx_word' id='word_1_209' title='bbox 480 1276 633 1318; x_wconf 83' lang='lat' dir='ltr'><strong>lapidibus</strong></span> <span class='ocrx_word' id='word_1_210' title='bbox 657 1277 749 1306; x_wconf 85' lang='lat' dir='ltr'><strong>semel</strong></span> <span class='ocrx_word' id='word_1_211' title='bbox 773 1275 855 1317; x_wconf 88' lang='lat' dir='ltr'><strong>apud</strong></span> <span class='ocrx_word' id='word_1_212' title='bbox 879 1275 1033 1312; x_wconf 88' lang='lat' dir='ltr'><strong>Donium,</strong></span> 
     </span>
     <span class='ocr_line' id='line_1_29' title="bbox 143 1319 1035 1361; baseline -0.003 -12"><span class='ocrx_word' id='word_1_213' title='bbox 143 1329 223 1359; x_wconf 78' lang='lat' dir='ltr'><strong>saepe</strong></span> <span class='ocrx_word' id='word_1_214' title='bbox 239 1319 321 1359; x_wconf 86' lang='lat' dir='ltr'><strong>apud</strong></span> <span class='ocrx_word' id='word_1_215' title='bbox 338 1319 505 1350; x_wconf 86' lang='lat' dir='ltr'><strong>Gruterum</strong></span> <span class='ocrx_word' id='word_1_216' title='bbox 531 1321 735 1361; x_wconf 78' lang='lat' dir='ltr'><strong>(quamquam</strong></span> <span class='ocrx_word' id='word_1_217' title='bbox 757 1325 791 1351; x_wconf 19' lang='lat' dir='ltr'><strong>et*</strong></span> <span class='ocrx_word' id='word_1_218' title='bbox 806 1319 849 1349; x_wconf 92' lang='lat' dir='ltr'><strong>ibi</strong></span> <span class='ocrx_word' id='word_1_219' title='bbox 876 1319 1035 1348; x_wconf 81' lang='lat' dir='ltr'><strong>Venmziam</strong></span> 
     </span>
     <span class='ocr_line' id='line_1_30' title="bbox 140 1360 1033 1404; baseline 0 -13"><span class='ocrx_word' id='word_1_220' title='bbox 140 1362 290 1402; x_wconf 89' lang='lat' dir='ltr'><strong>reperio):</strong></span> <span class='ocrx_word' id='word_1_221' title='bbox 308 1362 439 1404; x_wconf 86' lang='lat' dir='ltr'><strong>ducique</strong></span> <span class='ocrx_word' id='word_1_222' title='bbox 454 1370 529 1404; x_wconf 92' lang='lat' dir='ltr'><strong>puto</strong></span> <span class='ocrx_word' id='word_1_223' title='bbox 544 1373 562 1393; x_wconf 85' lang='lat' dir='ltr'>a</span> <span class='ocrx_word' id='word_1_224' title='bbox 576 1363 699 1393; x_wconf 86' lang='lat' dir='ltr'><strong>nomine</strong></span> <span class='ocrx_word' id='word_1_225' title='bbox 708 1363 815 1400; x_wconf 82' lang='lat' dir='ltr'><strong>Venno,</strong></span> <span class='ocrx_word' id='word_1_226' title='bbox 826 1361 910 1403; x_wconf 89' lang='lat' dir='ltr'><strong>quod</strong></span> <span class='ocrx_word' id='word_1_227' title='bbox 918 1360 1033 1392; x_wconf 88' lang='lat' dir='ltr'><strong>ibidem</strong></span> 
     </span>
     <span class='ocr_line' id='line_1_31' title="bbox 144 1406 292 1442; baseline 0.007 -8"><span class='ocrx_word' id='word_1_228' title='bbox 144 1411 201 1442; x_wconf 88' lang='lat' dir='ltr'><strong>est,</strong></span> <span class='ocrx_word' id='word_1_229' title='bbox 218 1406 292 1435; x_wconf 79' lang='lat'><strong>291.</strong></span> 
     </span>
    </p>

    <p class='ocr_par' dir='ltr' id='par_1_8' title="bbox 138 1446 1031 1574">
     <span class='ocr_line' id='line_1_32' title="bbox 183 1446 1030 1485; baseline 0 -8"><span class='ocrx_word' id='word_1_230' title='bbox 183 1450 264 1478; x_wconf 47' lang='lat' dir='ltr'><strong>Seivt.</strong></span> <span class='ocrx_word' id='word_1_231' title='bbox 288 1449 461 1483; x_wconf 72' lang='lat' dir='ltr'><strong>Vennonius,</strong></span> <span class='ocrx_word' id='word_1_232' title='bbox 475 1447 565 1478; x_wconf 89' lang='lat' dir='ltr'><strong>Verr.</strong></span> <span class='ocrx_word' id='word_1_233' title='bbox 586 1446 647 1485; x_wconf 92' lang='lat' dir='ltr'><strong>IV,</strong></span> <span class='ocrx_word' id='word_1_234' title='bbox 664 1449 716 1480; x_wconf 87' lang='lat'><strong>39.</strong></span> <span class='ocrx_word' id='word_1_235' title='bbox 732 1447 770 1478; x_wconf 85' lang='lat' dir='ltr'><strong>de</strong></span> <span class='ocrx_word' id='word_1_236' title='bbox 788 1447 893 1478; x_wconf 88' lang='lat' dir='ltr'><strong>Verris</strong></span> <span class='ocrx_word' id='word_1_237' title='bbox 908 1446 1030 1478; x_wconf 83' lang='lat' dir='ltr'><strong>cohorte</strong></span> 
     </span>
     <span class='ocr_line' id='line_1_33' title="bbox 138 1488 1031 1532; baseline 0 -13"><span class='ocrx_word' id='word_1_238' title='bbox 138 1488 232 1520; x_wconf 87' lang='lat' dir='ltr'><strong>fuisse</strong></span> <span class='ocrx_word' id='word_1_239' title='bbox 247 1496 383 1531; x_wconf 84' lang='lat' dir='ltr'><strong>apparet,</strong></span> <span class='ocrx_word' id='word_1_240' title='bbox 407 1501 470 1521; x_wconf 85' lang='lat' dir='ltr'><strong>una</strong></span> <span class='ocrx_word' id='word_1_241' title='bbox 493 1502 531 1522; x_wconf 85' lang='lat' dir='ltr'><strong>ex</strong></span> <span class='ocrx_word' id='word_1_242' title='bbox 553 1492 707 1529; x_wconf 85' lang='lat' dir='ltr'><strong>manibus,</strong></span> <span class='ocrx_word' id='word_1_243' title='bbox 732 1491 844 1532; x_wconf 89' lang='lat' dir='ltr'><strong>quibus</strong></span> <span class='ocrx_word' id='word_1_244' title='bbox 869 1489 1031 1532; x_wconf 86' lang='lat' dir='ltr'><strong>pecuniam</strong></span> 
     </span>
     <span class='ocr_line' id='line_1_34' title="bbox 140 1532 531 1574; baseline 0.008 -13"><span class='ocrx_word' id='word_1_245' title='bbox 140 1532 210 1562; x_wconf 88' lang='lat' dir='ltr'><strong>aliis</strong></span> <span class='ocrx_word' id='word_1_246' title='bbox 223 1540 373 1563; x_wconf 79' lang='lat' dir='ltr'><strong>extortam</strong></span> <span class='ocrx_word' id='word_1_247' title='bbox 385 1534 531 1574; x_wconf 77' lang='lat' dir='ltr'><strong>capiebat.</strong></span> 
     </span>
    </p>

    <p class='ocr_par' dir='ltr' id='par_1_9' title="bbox 138 1575 1032 1789">
     <span class='ocr_line' id='line_1_35' title="bbox 190 1575 1032 1617; baseline 0.001 -13"><span class='ocrx_word' id='word_1_248' title='bbox 190 1576 366 1612; x_wconf 77' lang='lat' dir='ltr'><strong>Vennonius,</strong></span> <span class='ocrx_word' id='word_1_249' title='bbox 382 1576 420 1606; x_wconf 84' lang='lat' dir='ltr'><strong>de</strong></span> <span class='ocrx_word' id='word_1_250' title='bbox 436 1577 512 1617; x_wconf 85' lang='lat' dir='ltr'><strong>Leg.</strong></span> <span class='ocrx_word' id='word_1_251' title='bbox 526 1577 556 1614; x_wconf 88' lang='lat' dir='ltr'><strong>I,</strong></span> <span class='ocrx_word' id='word_1_252' title='bbox 573 1580 603 1607; x_wconf 85' lang='lat'><strong>2.</strong></span> <span class='ocrx_word' id='word_1_253' title='bbox 627 1576 785 1608; x_wconf 85' lang='lat' dir='ltr'><strong>historicus</strong></span> <span class='ocrx_word' id='word_1_254' title='bbox 809 1575 950 1613; x_wconf 81' lang='lat' dir='ltr'><strong>Latinus,</strong></span> <span class='ocrx_word' id='word_1_255' title='bbox 977 1584 1032 1605; x_wconf 82' lang='lat' dir='ltr'><strong>ex-</strong></span> 
     </span>
     <span class='ocr_line' id='line_1_36' title="bbox 138 1616 1032 1659; baseline 0 -12"><span class='ocrx_word' id='word_1_256' title='bbox 138 1616 188 1648; x_wconf 85' lang='lat' dir='ltr'><strong>ilis</strong></span> <span class='ocrx_word' id='word_1_257' title='bbox 205 1623 234 1648; x_wconf 88' lang='lat' dir='ltr'><strong>et</strong></span> <span class='ocrx_word' id='word_1_258' title='bbox 255 1618 389 1657; x_wconf 89' lang='lat' dir='ltr'><strong>jejunus.</strong></span> <span class='ocrx_word' id='word_1_259' title='bbox 421 1619 491 1650; x_wconf 84' lang='lat' dir='ltr'><strong>Att.</strong></span> <span class='ocrx_word' id='word_1_260' title='bbox 512 1619 594 1658; x_wconf 89' lang='lat' dir='ltr'><strong>XII,</strong></span> <span class='ocrx_word' id='word_1_261' title='bbox 610 1621 640 1650; x_wconf 89' lang='lat'><strong>3.</strong></span> <span class='ocrx_word' id='word_1_262' title='bbox 662 1621 727 1659; x_wconf 89' lang='lat' dir='ltr'><strong>ejus</strong></span> <span class='ocrx_word' id='word_1_263' title='bbox 741 1619 826 1649; x_wconf 88' lang='lat' dir='ltr'><strong>libris</strong></span> <span class='ocrx_word' id='word_1_264' title='bbox 849 1629 928 1659; x_wconf 85' lang='lat' dir='ltr'><strong>aegre</strong></span> <span class='ocrx_word' id='word_1_265' title='bbox 951 1622 1032 1647; x_wconf 86' lang='lat' dir='ltr'><strong>caret</strong></span> 
     </span>
     <span class='ocr_line' id='line_1_37' title="bbox 141 1660 1030 1693; baseline 0.001 -4"><span class='ocrx_word' id='word_1_266' title='bbox 141 1660 256 1690; x_wconf 90' lang='lat' dir='ltr'><strong>Cicero.</strong></span> <span class='ocrx_word' id='word_1_267' title='bbox 292 1661 387 1692; x_wconf 91' lang='lat' dir='ltr'><strong>Hunc</strong></span> <span class='ocrx_word' id='word_1_268' title='bbox 411 1661 610 1693; x_wconf 89' lang='lat' dir='ltr'><strong>Vennonium</strong></span> <span class='ocrx_word' id='word_1_269' title='bbox 635 1664 674 1693; x_wconf 86' lang='lat' dir='ltr'><strong>ab</strong></span> <span class='ocrx_word' id='word_1_270' title='bbox 697 1662 838 1692; x_wconf 89' lang='lat' dir='ltr'><strong>omnibus</strong></span> <span class='ocrx_word' id='word_1_271' title='bbox 863 1661 910 1691; x_wconf 91' lang='lat' dir='ltr'><strong>his</strong></span> <span class='ocrx_word' id='word_1_272' title='bbox 933 1660 1030 1691; x_wconf 82' lang='lat' dir='ltr'><strong>alium</strong></span> 
     </span>
     <span class='ocr_line' id='line_1_38' title="bbox 140 1703 1030 1746; baseline 0 -13"><span class='ocrx_word' id='word_1_273' title='bbox 140 1713 217 1739; x_wconf 87' lang='lat' dir='ltr'><strong>esse,</strong></span> <span class='ocrx_word' id='word_1_274' title='bbox 236 1709 265 1733; x_wconf 88' lang='lat' dir='ltr'><strong>et</strong></span> <span class='ocrx_word' id='word_1_275' title='bbox 278 1703 424 1734; x_wconf 88' lang='lat' dir='ltr'><strong>Cicerone</strong></span> <span class='ocrx_word' id='word_1_276' title='bbox 435 1705 524 1745; x_wconf 89' lang='lat' dir='ltr'><strong>longe</strong></span> <span class='ocrx_word' id='word_1_277' title='bbox 539 1705 755 1746; x_wconf 84' lang='lat' dir='ltr'><strong>antiquiorem,</strong></span> <span class='ocrx_word' id='word_1_278' title='bbox 771 1704 848 1735; x_wconf 90' lang='lat' dir='ltr'><strong>mihi</strong></span> <span class='ocrx_word' id='word_1_279' title='bbox 863 1703 933 1734; x_wconf 78' lang='lat' dir='ltr'><strong>satis</strong></span> <span class='ocrx_word' id='word_1_280' title='bbox 949 1708 1030 1733; x_wconf 83' lang='lat' dir='ltr'><strong>certo</strong></span> 
     </span>
     <span class='ocr_line' id='line_1_39' title="bbox 139 1745 1030 1789; baseline 0.002 -14"><span class='ocrx_word' id='word_1_281' title='bbox 139 1745 253 1785; x_wconf 86' lang='lat' dir='ltr'><strong>videor,</strong></span> <span class='ocrx_word' id='word_1_282' title='bbox 270 1757 308 1778; x_wconf 85' lang='lat' dir='ltr'><strong>ex</strong></span> <span class='ocrx_word' id='word_1_283' title='bbox 333 1746 400 1779; x_wconf 90' lang='lat' dir='ltr'><strong>loco</strong></span> <span class='ocrx_word' id='word_1_284' title='bbox 420 1746 457 1778; x_wconf 88' lang='lat' dir='ltr'><strong>de</strong></span> <span class='ocrx_word' id='word_1_285' title='bbox 473 1747 548 1789; x_wconf 88' lang='lat' dir='ltr'><strong>Leg.</strong></span> <span class='ocrx_word' id='word_1_286' title='bbox 566 1748 594 1787; x_wconf 85' lang='grc' dir='ltr'><strong>Ι,</strong></span> <span class='ocrx_word' id='word_1_287' title='bbox 611 1750 643 1787; x_wconf 81' lang='grc'><strong>2,</strong></span> <span class='ocrx_word' id='word_1_288' title='bbox 661 1748 810 1789; x_wconf 85' lang='lat' dir='ltr'><strong>colligere.</strong></span> <span class='ocrx_word' id='word_1_289' title='bbox 842 1746 934 1781; x_wconf 88' lang='lat' dir='ltr'><strong>Ponit</strong></span> <span class='ocrx_word' id='word_1_290' title='bbox 948 1745 1030 1778; x_wconf 86' lang='lat' dir='ltr'><strong>enim</strong></span> 
     </span>
    </p>
   </div>
  </div>
 </body>
</html>
