1137 1848
263 70 412 101 INDEX
436 68 720 102 HISTORICUS.
869 68 932 99 315

91 155 264 193 Paconius,
283 154 324 193 Q.
341 155 392 186 Fr.
410 155 437 194 1,
458 159 484 186 l.
501 156 531 186 6.
547 156 640 186 homo
655 157 811 193 obscurus,
827 153 881 195 qui
896 153 934 184 de

49 196 92 235 Q.
106 198 248 229 Cicerone
261 205 444 239 propraetore
459 204 583 240 questus
599 204 671 229 erat.

92 243 235 279 Pacores,
259 241 308 271 vel
328 243 476 280 Pacorus,
501 241 540 271 ad
560 241 633 271 Div.
653 241 730 276 XV.
755 244 780 271 l.
802 240 870 270 Att.
887 239 930 276 V,

53 286 101 313 18.
125 284 236 314 Orodis
250 284 328 324 regis
350 284 538 315 Parthorum
554 284 644 314 filius.
666 284 704 313 ad
720 283 792 313 Div.
809 283 884 319 XV,
902 283 933 312 3.

48 336 119 356 curn
143 337 178 357 eo
197 332 294 368 nupta
313 327 391 367 regis
410 327 629 357 Armeniorum
654 327 725 356 filia.
743 326 784 356 V.
811 326 936 355 Orodes.

48 368 110 399 Hic
125 375 179 408 est,
196 370 260 411 qui,
277 376 344 410 post
366 381 385 400 a
404 370 549 401 Ventidio
565 370 673 407 victus,
697 370 740 399 A.
756 369 818 404 715
834 368 933 410 periit.

47 411 112 442 Dio
127 412 210 443 Cass.
226 412 355 451 XLIX,
371 424 402 454 p.
419 414 491 443 464.

90 456 138 484 Μ.
156 457 327 493 Pacuvius,
343 456 381 486 ad
398 456 534 486 Herenn.
552 455 598 492 II,
616 459 667 486 23.
683 457 773 496 po'e'ta
787 454 932 494 tragicus,

46 497 148 528 floruit
168 505 234 539 post
251 499 402 536 Ennium,
424 500 510 538 cujus
529 509 622 540 nepos
640 498 708 528 fuit.
730 497 768 528 de
783 497 886 527 Amic.
903 498 935 532 7.

46 540 137 571 Laelii
151 542 266 572 amicus
282 548 310 572 et
324 542 443 583 hospes.

90 585 206 622 Paean,
229 585 315 615 Verr.
333 585 375 621 V,
397 587 448 620 57.
467 595 579 615 nomen
604 583 769 624 Apollinis.
795 582 882 613 Orat.
905 581 934 619 I,

46 627 97 657 59.
121 627 229 668 hymni
249 638 344 668 genus
361 628 392 657 in
415 628 601 668 Apollinem.
626 627 714 658 Verr.
734 626 777 663 V,
803 627 855 661 57.
871 626 936 665 ejus

46 669 171 710 signum
185 671 217 700 in
233 671 347 711 templo
363 671 543 711 AEsculapii.

91 714 172 743 Seu.
190 715 375 744 Paeduceus.
397 713 476 744 Vide
493 715 676 744 Peducaeus.

90 757 253 793 Paeonim,
279 756 320 794 Q.
346 757 397 786 Fr.
423 756 488 793 III,
515 758 545 786 3.
570 757 670 787 rhetor
685 754 772 785 valde
791 754 935 785 exercita-

47 803 96 829 tus
112 804 141 829 et
155 800 263 835 bonus,
281 810 342 839 quo
354 800 401 829 usi
416 805 486 829 sunt
502 800 659 830 Cicerones
674 798 738 828 filii.

92 843 211 878 Paetus,
228 842 267 872 ad
287 842 359 873 Div.
384 843 448 879 IX,
476 846 522 873 16.
544 851 710 883 cognomen
729 839 853 870 famfliae
874 840 934 869 Pa-

47 884 142 925 piriae.
167 885 288 915 Cluent.
305 887 355 915 26.
372 892 401 916 et
417 886 581 915 iEliorum.
598 885 636 915 ad
648 886 714 914 Att.
732 883 779 921 11,
800 886 826 912 1.
851 883 936 913 Cice-

49 928 117 957 roni
132 928 224 958 libros
239 938 257 958 a
271 928 362 958 fratre
376 929 493 959 relictos
508 929 609 958 donat.
934 932 939 936 ‘

91 972 213 1007 Paetus,
231 971 313 1001 Phil.
326 971 428 1007 XIII,
445 973 490 1002 15.
507 971 677 1007 Graeculus,
694 980 711 999 a
729 967 847 999 Caesare
862 968 936 999 civi-

48 1018 110 1043 tate
125 1014 264 1044 donatus.
290 1013 327 1044 In
343 1015 474 1054 vulgatis
491 1014 558 1043 edd.
575 1020 618 1043 est
634 1015 760 1043 Petrus.

92 1058 266 1093 Palaemon,
292 1057 365 1087 Nat.
391 1057 434 1088 D.
457 1056 523 1094 III,
554 1057 603 1086 15.
628 1056 709 1086 filius
740 1054 934 1092 Leucotheae,

50 1098 138 1131 Deus
149 1099 294 1130 marinus.

72 1156 76 1157 ⁷
92 1144 288 1180 Palamedes,
305 1143 344 1173 ad
360 1143 496 1173 Herenn.
514 1141 560 1179 II,
581 1142 630 1173 19.
648 1141 728 1182 Top.
744 1142 796 1171 20.

91 1187 139 1215 M.
167 1186 286 1216 Lollius
308 1187 496 1223 Palicanus,
533 1185 621 1215 Verr.
648 1183 711 1213 ΙΙΙ.
743 1186 795 1213 41.
820 1183 935 1213 tribun.

48 1229 92 1269 pl.
108 1228 166 1259 Cn.
183 1229 316 1259 Lentulo
339 1235 368 1259 et
384 1229 422 1259 L.
447 1229 548 1259 Gellio
571 1237 643 1257 coss.
660 1228 728 1257 Att.
747 1226 772 1264 1,
796 1229 821 1255 1.
839 1232 867 1256 et
888 1230 936 1256 18.

47 1272 136 1302 Brut.
164 1272 215 1301 69.
245 1272 440 1302 concionibus
470 1271 651 1302 turbulentis
679 1269 860 1310 aptissimus.
886 1268 937 1299 De

48 1314 227 1355 cognomine
250 1325 278 1344 v.
306 1315 458 1345 Burman.
480 1314 519 1344 ad
542 1313 673 1351 Quintil.
701 1312 758 1349 IV,
783 1313 812 1341 2.
835 1312 939 1341 Num-

48 1367 136 1387 mum
155 1357 252 1397 gentis
278 1356 386 1387 Lolliae
407 1358 438 1387 in
455 1367 516 1397 quo
538 1356 673 1386 Palicani
693 1364 870 1395 cognomen,
887 1354 939 1384 de-

50 1400 95 1430 dit
118 1400 248 1430 Pelerin.
276 1400 361 1440 epist.
385 1411 415 1441 p.
441 1403 514 1431 213.
540 1399 593 1440 qui
608 1398 689 1439 apud
710 1397 891 1428 Moreuium
906 1397 938 1427 in

50 1443 187 1473 nummis
203 1443 267 1482 ejus
282 1444 379 1483 gentis
395 1453 456 1473 non
472 1448 525 1473 est.

92 1487 198 1523 Palla,
224 1484 300 1516 Coel.
321 1490 367 1516 10.
384 1495 495 1515 nomen
517 1484 660 1522 hominis,
677 1483 726 1514 cui
752 1482 801 1513 M.
819 1482 936 1513 Coelius

48 1529 128 1559 bona
144 1528 287 1569 eripuisse
302 1528 467 1559 dicebatur.

70 1590 74 1591 ν
91 1573 212 1608 Pallas,
236 1573 333 1607 antis,
351 1573 394 1602 N.
411 1571 453 1602 D.
470 1571 604 1609 III‚·‘23.
621 1575 705 1611 pater
721 1568 869 1599 Minervae
884 1579 937 1599 cu-

46 1614 183 1654 jusdam,
200 1625 218 1644 a
234 1615 297 1644 filia
313 1615 497 1645 interfectus.

76 1673 79 1676 ⁴
91 1659 287 1693 Pammenes,
300 1658 391 1688 Brut.
405 1659 455 1693 97.
467 1658 558 1696 longe
570 1654 833 1696 eloquentissimus
849 1654 936 1684 Grae-

47 1699 111 1739 ciae,
128 1710 189 1741 quo
205 1700 254 1730 M.
270 1700 388 1732 Brutus
410 1710 483 1732 usus
499 1705 554 1730 est.
578 1698 634 1730 Or.
652 1701 703 1730 29.
719 1697 935 1729 Demosthenis
