1137 1848
293 82 444 114 INDEX
467 82 500 113 H
504 82 751 114 ISTORICUS.
904 83 966 113 305
984 80 985 83 ’

81 168 118 198 P.
144 173 174 199 et
197 167 238 206 Q.
264 169 456 209 praetermisit
479 168 625 199 Heinsius
648 169 680 198 in
704 168 850 208 Catalogo
871 167 973 198 Naso-

81 221 169 247 num,
187 212 226 241 ad
242 211 334 242 Ovid.
350 212 449 252 Epist.
470 215 498 242 1.

125 255 242 292 Nacta,
264 265 280 284 e
307 255 447 293 Pinariis,
474 255 548 285 Div.
570 254 598 293 Ι,
628 257 675 285 12.
698 255 732 284 it.
758 254 806 289 ΙΙ,
833 255 884 284 20.
909 254 975 292 ejus

83 297 283 327 simulacrum
299 308 337 327 ex
353 308 420 328 εει-ε.

129 341 169 370 L.
187 342 303 377 Natta,
322 340 408 370 Mur.
425 342 476 371 35.
500 340 652 371 laudatur.
682 339 768 370 Idem
784 345 887 380 postea
902 349 978 379 pon-

86 382 184 413 tifex·
174 405 184 419 ‚
210 393 270 424 quo
299 390 464 423 praeeunte,
481 384 608 414 domum
629 383 781 413 Ciceronis
797 382 981 412 consecravit

87 425 222 456 Clodius.
247 426 412 456 Dom.⁴15.
437 427 474 456 de
498 437 532 457 eo
554 426 673 466 irtellig
661 437 690 456 re
712 427 778 455 Att.
798 425 857 462 IV,
876 427 905 454 8.
928 424 980 453 Ad

87 468 170 498 hunc
186 469 277 499 refert
301 469 433 499 Ursinus
449 479 602 503 nummos
626 469 657 498 in
653 451 786 510 Dquibus
801 448 908 498 Na'ttae
932 477 981 497 co-

89 521 247 552 gnomen3
272 512 309 542 de
324 512 435 542 Famil.
455 513 495 542 R.
512 523 542 553 p·
561 513 633 546 2‘07.

135 556 276 592 naz-ius,
294 557 410 585 Attius.
427 556 458 585 V
461 578 468 584 .
485 557 604 585 Amus-

135 599 327 635 Naucrates,
344 598 522 639 Erythraeus
539 598 739 629 Naucratites.
756 597 844 627 Orat.
861 597 910 634 II,
929 600 979 626 93.

92 640 126 670 it.
142 639 207 677 III,
225 643 276 670 44.
300 641 438 671 isocratis
454 641 631 682 discipulus,
654 640 822 670 historicus.
847 640 909 670 Hic
925 647 980 677 est,

92 683 146 724 qui
161 693 231 713 cum
245 683 447 724 Theopompo
460 690 489 713 et
504 685 526 713 'l
534 683 675 714 heodecte
690 683 826 713 interfuit
841 683 931 722 agoni
945 683 983 712 de

91 726 234 756 laudibus
257 727 393 756 Mausoli
416 727 560 764 dicendis,
586 728 623 757 ab
643 726 811 757 Artemisia
834 726 981 756 instituto.

92 769 164 800 Vid.
182 769 284 799 Usser.
299 769 337 799 ad
352 770 395 799 A.
414 770 511 799 3652.

135 814 369 852 Nauszplmnes,
394 813 423 842 T
426 813 501 850 e'ius,
518 812 741 850 Democriteus,
758 812 801 841 N.
818 810 860 840 D.
878 810 905 847 Ι,
923 814 974 840 QG.

91 854 220 896 Epicuri
234 855 389 896 magister,
406 857 443 894 ab
460 866 493 885 eo
509 855 720 886 contemnitur.
746 854 912 894 Pyrrhonis
929 865 983 884 au-

91 898 220 928 ditorem
236 904 321 928 vocat
337 900 419 928 Sext.
444 899 564 939 Empir.
581 898 647 928 adv.
671 898 774 928 Math.
796 897 862 926 init.
887 897 982 926 La'o'r-

91 941 162 979 tius,
179 941 360 978 Dem0c1iti,
373 951 497 982 prooem.
510 943 586 972 Sect.
607 942 655 970 15.
669 941 710 970 V.
727 940 844 970 Fabric.
858 939 895 970 ad
907 940 982 970 Sex-

89 989 169 1021 tum,
185 985 205 1014 1.
220 994 246 1014 c.
262 983 310 1014 Cf.
326 983 452 1024 Menag.
469 984 507 1014 ad
524 985 626 1014 Lazirt.
644 984 688 1021 X,
705 985 734 1013 8.

134 1028 278 1063 ΛΤεοι-Ῐεε,
302 1027 345 1056 Ν.
361 1026 404 1057 D.
420 1026 448 1064 Ι,
465 1028 515 1056 26.
534 1027 689 1067 Pamphili
707 1025 856 1056 Platonici
871 1032 966 1066 pater.

134 1071 364 1110 ZVeoptolemus,
400 1080 566 1110 cognomen
603 1070 726 1110 Pyrrhi,
757 1068 888 1099 Achillis
916 1069 981 1098 filii.

91 1112 149 1144 Or.
173 1113 221 1150 Π,
246 1113 297 1148 37.
322 1113 416 1143 Tusc.
440 1113 486 1151 ΙΙ,
513 1116 538 1142 1.
559 1112 765 1154 philosophari
790 1112 832 1141 ait
852 1111 908 1142 sibi
930 1121 983 1142 ne-

91 1166 171 1186 cesse
186 1166 259 1193 esse,
277 1156 327 1186 sed
342 1156 455 1196 paucis.

137 1200 318 1238 Neptunus,
335 1199 398 1228 Off.
417 1198 444 1236 Ι,
464 1200 512 1229 10.
530 1199 643 1229 Thesei
652 1198 790 1239 precibus
802 1203 983 1234 commotus,

95 1242 269 1283 Hippolyto
290 1251 386 1282 *equos
408 1242 544 1272 immisit.
568 1242 610 1271 N.
639 1241 682 1272 D.
711 1241 739 1278 Ι,
768 1244 819 1270 23.
843 1240 983 1281 Neptuni

95 1285 177 1315 filius
192 1285 302 1315 dieitur
316 1284 353 1314 de
368 1284 491 1315 homine
505 1285 644 1323 immani,
658 1294 747 1323 saevo,
763 1284 888 1314 latrone.
904 1283 986 1313 Vide

95 1327 203 1358 Davis.
219 1327 257 1357 ad
272 1327 303 1357 h.
316 1327 337 1356 1.

98 1378 103 1380 “
141 1372 202 1402 Cn.
218 1372 317 1407 ,ΝΜ-ο,
334 1369 422 1399 Verr.
437 1369 485 1407 lI,
504 1371 553 1400 19.
571 1376 680 1411 praetor
696 1370 789 1400 Asiae.

143 1415 213 1444 Tib.
232 1415 381 1444 Claudius
398 1414 496 1449 .Nero,
519 1414 616 1443 Liviae
631 1419 700 1443 ante
723 1414 902 1453 Augustum
917 1421 983 1441 ma-

95 1457 181 1488 ritus.
207 1456 246 1487 ad
271 1456 344 1486 Div.
363 1455 464 1493 XIII,
489 1456 539 1485 64.
558 1457 624 1486 Att.
640 1455 701 1494 VI,
727 1457 756 1485 6.
772 1455 848 1496 petit
863 1453 983 1485 Cicero-

95 1500 143 1530 nis
158 1500 264 1530 filiam.
279 1499 321 1529 V.
348 1499 472 1529 Manut.
496 1504 526 1528 et
545 1499 711 1540 Malaspin.
735 1499 809 1529 adl.
830 1508 855 1528 c.
882 1497 933 1528 De
949 1507 983 1527 eo

95 1554 123 1573 v.
139 1544 262 1574 Sueton-
277 1542 308 1571 in
325 1542 397 1572 Tib.
413 1545 443 1572 4.

140 1587 375 1623 IVerom'ammz,
399 1585 487 1616 Orat.
511 1583 558 1624 II,
580 1585 631 1615 61.
647 1584 762 1615 dictum
783 1583 914 1615 Neronis
929 1593 983 1613 cu-

89 1629 223 1668 jusdam.

139 1674 260 1710 Navoa,
277 1671 314 1702 ad
330 1671 402 1701 Div.
415 1671 459 1708 X,
478 1671 526 1701 18.
542 1671 603 1701 vid.
620 1672 728 1702 Laevus
746 1671 879 1711 Cispius.
902 1669 983 1700 Ner-

93 1725 141 1745 vae
156 1721 227 1746 sunt
241 1726 258 1746 e
274 1714 400 1745 Liciniis
413 1726 421 1744 2
446 1714 483 1744 de
499 1714 612 1756 quibus
626 1724 726 1755 supra.

660 1759 680 1787 2
700 1766 723 1788 D
740 1758 759 1788 3
