1122 1868
135 86 198 115 220
350 86 497 118 INDEX
521 85 805 118 HISTORICUS.

132 170 304 201 tribunatus
326 172 455 204 Gracchi
481 173 630 204 secundus
655 173 734 203 cadit
756 172 789 202 in
812 171 854 202 A.
872 170 914 202 U.
937 169 1015 207 631,

135 214 192 243 &c.
225 213 370 246 Obtinuit
397 216 514 256 aliquot
538 215 625 245 annis
649 221 716 256 post
741 213 955 245 Macedoniam
981 221 1019 242 ex

133 256 291 286 consulatu
303 261 345 288 A.
359 259 417 288 641
436 258 578 299 gest0.'et
594 258 761 289 Scordiscos
777 257 856 287 vicit.
876 257 916 287 V.
936 256 1019 286 Flor-

134 298 201 371 211,
223 301 253 329 4.
269 304 298 329 et
318 301 491 339 Valentem,
516 302 612 331 Num.
637 301 726 331 Fam.
753 301 793 330 R.
811 300 851 330 Τ.
868 300 897 337 Ι,
917 310 947 340 p.
966 299 1017 328 51.

177 386 223 415 M.
243 386 370 423 Drusus,
387 386 435 416 M.
450 388 491 417 fil.
510 387 603 416 Dom.
614 388 664 416 46.
682 387 750 417 trib.
766 386 808 426 pl.
825 391 854 416 et
868 383 1017 426 pontifex,

133 427 175 465 Q.
191 429 341 469 Uaepionis
357 430 506 460 inimicus.
536 430 625 459 Unde
649 429 816 459 inimicitiae
830 434 914 465 ome,
934 427 1020 457 docet

135 471 216 500 Plin.
246 472 416 510 XXXIII,
448 473 474 502 l.
491 472 561 502 ΜΗ.
587 473 616 507 7.
644 472 693 501 Μ.
719 471 842 502 Catonis
868 470 1020 501 Uticensis

132 515 310 555 avunculus.
340 516 392 545 Br.
410 517 460 545 41).
483 516 534 544 6-3.
557 521 655 544 orator
677 515 776 554 gravis
798 524 867 544 cun]
893 513 929 542 de
957 523 1020 552 rep.

135 556 253 587 diceret.
279 558 368 588 Offic.
387 557 413 596 Ι,
431 560 481 587 30.
499 558 638 587 severitas
650 558 681 586 in
698 568 732 587 eo
748 557 933 587 adolescente
949 555 1018 585 fuit.

135 599 189 640 (V.
201 600 232 629 in
244 602 295 630 M.
308 602 433 637 Drusus,
447 602 481 631 C.
496 599 546 639 F.)
561 600 681 630 Cluent.
694 601 744 629 56.
762 600 900 629 Postum.
917 599 945 633 7.
957 608 1018 635 eos,

131 642 185 682 qui
212 653 257 673 res
280 644 462 682 judicarant„
489 643 614 683 equites,
648 642 775 672 tentavit
802 640 1019 682 quaestionibus

132 685 301 716 constitutis
316 686 346 716 in
361 686 512 725 judicium
534 696 645 715 vocare.
670 685 725 715 Eae
740 684 925 723 rejiciuntur.
948 683 1021 713 Mil.

132 728 162 762 7.
179 731 299 758 senatus
314 735 531 769 propugnator,
549 738 582 758 ac
598 738 683 768 paene
698 734 851 768 patronus.
879 726 934 757 Or.
953 725 1018 763 ΙΙΙ,

136 772 162 800 l.
185 771 274 801 refert
288 772 325 801 ad
341 778 479 802 senatum
495 771 531 800 de
547 771 686 801 conviciis
705 771 741 800 L.
760 769 895 810 Philippi
911 778 1020 799 consu-

131 813 179 850 lis,
197 814 308 854 quibus
331 814 363 844 in
388 814 528 844 concione
550 814 581 843 in
605 822 742 844 senatum
768 822 841 842 usus
865 818 938 849 erat,
962 813 1019 841 ἃς.

133 856 230 886 Dmn.
250 858 297 887 16.
318 858 366 887 19.
378 857 414 887 de
426 857 563 897 pluribus
579 858 668 887 rebus
684 856 775 885 simul
791 855 866 885 ferre
876 865 967 884 ausus
977 859 1022 884 est

132 905 236 930 contra
250 900 348 940 legem
363 899 516 930 Caeciliam
533 905 562 929 et
578 899 714 928 Didiam.
737 900 865 928 Senatus
876 897 1019 935 decernit,

133 952 171 972 ne
187 953 229 972 eae
243 943 323 983 leges
339 943 466 973 valeant.
492 941 548 983 (V.
565 944 656 982 Leges
668 940 782 980 Liuiae.)
807 939 913 971 Rabir.
930 940 1019 969 Perd.

135 986 166 1020 7.
196 986 371 1016 consulibus
401 985 484 1016 adest
517 991 620 1015 contra
646 984 857 1015 Saturninum.
897 983 969 1012 Mil.
990 983 1021 1017 7.

133 1028 217 1058 domi
232 1039 294 1058 suae
305 1028 482 1059 interficitur
493 1028 523 1058 in
540 1029 706 1058 tribunatu.
732 1027 806 1056 Nat.
823 1026 866 1055 D.
883 1026 949 1061 ΙΙΙ,
966 1026 1018 1055 33.

134 1071 199 1110 ejus
214 1082 368 1112 percussor
378 1071 437 1102 fuit
452 1071 493 1109 Q.
512 1070 633 1101 Varius.
659 1070 710 1100 De
720 1079 754 1100 eo
765 1080 791 1100 v.
804 1069 893 1109 impr.
911 1067 1020 1098 Vellei.

138 1114 188 1151 11,
210 1115 256 1144 13.
275 1125 336 1155 seq.

178 1158 305 1193 Drusus,
326 1157 365 1188 ad
381 1157 453 1187 Div.
468 1156 569 1193 VIII,
591 1156 639 1186 14.
655 1155 748 1186 homo
764 1154 903 1195 turpibus
918 1153 1020 1184 libidi-

132 1199 223 1230 nibus
238 1200 367 1237 deditus,
391 1200 486 1239 judex
502 1206 545 1230 est
560 1200 636 1229 iuter
652 1209 716 1229 reos
738 1198 775 1228 de
793 1198 859 1237 lege
877 1196 1021 1228 Scatinissr.

132 1242 186 1272 Ad
216 1253 287 1273 eum
318 1243 472 1273 referenda
489 1243 612 1273 fortasse
637 1247 707 1271 sunt
724 1241 815 1271 etiam
837 1240 921 1270 haec:
947 1240 1017 1269 Att.

135 1284 182 1323 ΙΙ,
205 1287 236 1321 7,
264 1287 317 1316 ubi
339 1286 526 1316 Pisaurensis
549 1290 691 1319 vocaturg
716 1283 754 1313 ad
780 1283 852 1312 Div.
879 1283 942 1319 XI,
974 1283 1019 1312 19.

133 1330 202 1358 Att.
220 1328 280 1366 IV,
301 1330 348 1359 15.
374 1330 422 1358 16.
438 1340 456 1359 a
473 1328 616 1360 Cicerone
632 1326 814 1364 defenditur,
831 1330 986 1356 accusatus
1001 1335 1019 1355 a

135 1371 288 1401 Lucretio.

180 1415 269 1450 Casu,
287 1416 423 1451 s.KK‹es0‚
443 1415 587 1451 Duillius,
611 1412 649 1443 ad
664 1412 737 1442 Div.
758 1411 820 1450 IX,
839 1411 891 1441 21.
914 1410 1019 1441 consul

136 1456 178 1488 A.
196 1457 235 1486 U.
253 1458 325 1492 417.

177 1500 213 1529 C.
234 1500 375 1536 Duellius,
400 1500 448 1530 M.
466 1500 502 1529 F.
516 1499 572 1529 Or.
594 1500 645 1529 45.
659 1497 770 1527 dicitur
784 1503 813 1527 et
829 1496 972 1526 Duellius
987 1501 1016 1526 et

132 1543 269 1577 Bellias,-
286 1542 359 1572 item
376 1544 497 1572 thlms.
513 1542 554 1571 V.
566 1540 759 1571 Ciaeconium
776 1539 813 1569 ad
828 1539 1014 1570 Columnam

132 1585 317 1621 Rostratmn,
335 1591 364 1614 et
381 1585 526 1624 Pighium
550 1584 589 1614 ad
615 1584 657 1613 A.
674 1583 714 1612 U.
736 1584 807 1612 493.
832 1585 947 1612 Senect.
970 1582 1019 1610 13.

134 1627 242 1657 Poenos
257 1628 372 1667 primus
393 1628 485 1658 classe
500 1627 579 1657 vicit.
614 1627 653 1656 In
670 1625 846 1660 Planeianir,
864 1636 888 1654 c.
903 1626 957 1661 ⁶25,
974 1630 1019 1654 est

133 1671 171 1700 P.
192 1670 340 1700 Duellius.
373 1670 444 1706 Sed,
460 1670 533 1710 quia
550 1679 587 1700 ex
613 1674 752 1699 contexto
775 1667 964 1707 intelligitur,
981 1666 1019 1696 de

128 1712 184 1744 hoc
212 1723 274 1744 esse
299 1722 480 1749 sermonem,
504 1712 569 1754 qui,
596 1712 675 1743 bello
701 1710 816 1740 Punico
842 1709 869 1746 I,
896 1710 1014 1751 primus
