1122 1868
158 105 222 137 390
374 104 524 136 INDEX
547 102 836 137 HISTORICUS.

153 190 190 227 is,
207 190 268 221 sive
283 189 392 221 Tidius
407 191 468 222 sive
483 190 596 229 Titius,
617 190 649 220 in
672 191 851 231 magistratu
872 189 942 228 fuit,
965 195 1036 221 ante

153 243 246 274 quam
262 233 325 263 haec
341 234 466 274 epistola
481 235 667 270 scriberetur,
690 233 771 263 idem
787 243 858 263 cum
877 233 934 263 hoc
950 233 1036 263 Titio

152 286 214 306 esse
232 286 291 305 non
308 283 414 316 potest,
430 283 586 318 propterea
596 276 677 317 quod
692 276 773 306 hunc
784 276 887 307 Cicero
903 276 1036 317 equitem

156 319 248 348 Rom.
271 319 412 359 appellat.
436 320 507 350 Non
528 326 630 350 autem
651 326 725 359 puto
742 319 833 349 moris
853 319 957 356 fuisse,
981 319 1036 360 qui

152 368 249 391 essent
264 372 301 391 ex
317 363 447 402 equestri
459 362 572 399 ordine,
585 372 644 398 eOS,
661 372 731 392 cum
746 362 972 402 magistratibus
988 361 1036 391 usi

152 410 260 442 essent,
277 405 452 445 simpliciter
467 406 582 445 equites
597 405 757 445 appellare.

196 449 234 477 P.
257 448 368 485 Titius,
385 448 423 478 ad
440 448 510 479 Div.
528 449 571 483 X,
592 450 638 477 12.
657 447 795 477 tribunus
806 447 848 487 pl.
867 447 924 488 (A.
942 445 1032 485 710.)

149 488 305 520 intercedit
321 491 402 521 soto
416 491 447 520 in
465 491 616 521 Ciceronis
632 490 810 520 sententiam
823 489 912 528 facto,
925 495 1033 529 rogatu

150 532 277 562 Servilii.
302 533 351 563 De
366 533 471 564 eodem
492 540 536 564 est
558 544 604 574 ep.
622 534 675 562 21.
702 533 795 562 Hunc
816 533 907 562 etiam
925 531 1035 563 Corra-

149 574 206 604 dus
228 582 316 616 putat
338 586 400 606 esse
420 587 502 613 eum,
524 576 562 606 ad
586 586 678 616 quem
703 575 827 615 epistola
857 576 894 605 16
922 575 975 605 lib.
1001 574 1033 605 V

149 617 259 658 scripta
282 619 329 649 sit.
353 619 404 649 Ex
429 619 556 659 epistola
580 618 771 658 intelligitur,
798 618 887 647 illurn
912 617 1032 647 Titium

149 661 226 690 bene
241 661 278 691 de
294 672 355 702 rep.
367 662 500 699 sensisse,
513 667 542 692 et
555 661 749 701 Pompeianis
759 660 894 701 partibus
909 659 1034 696 favisse;

149 703 231 744 quod
247 705 345 734 nescio
360 715 398 734 an
411 705 442 734 in
460 705 494 735 P.
507 705 589 734 hunc
603 703 771 740 conveniat,
788 703 842 744 qui
857 703 888 732 in
904 709 966 733 toto
982 703 1036 732 tri-

150 746 267 776 bunatu
294 747 443 784 Ciceroni,
468 748 595 788 aliisque
617 746 710 785 hujus
735 752 833 783 sectae,
860 745 1033 776 adversatus

148 794 203 825 est,
225 789 260 818 P.
280 789 383 820 Cascae
398 791 520 831 collegae
539 790 729 820 tribunatum
750 788 917 828 abrogavit,
939 795 968 818 et
989 788 1034 818 le-

149 841 219 871 gem
234 843 287 872 per
300 833 361 863 vim
378 834 459 871 tulit,
469 834 506 863 de
518 832 683 862 triumviris
693 832 766 872 reip.
778 831 992 861 constituendae
1001 831 1032 860 in

148 874 393 915 quinquennium
415 876 561 911 creandis,
586 876 642 904 &a
662 874 723 905 vid.
747 874 893 914 Pighium
908 874 946 904 ad
962 883 1032 904 ann.

148 916 221 951 710.
245 918 396 949 Caeterum
408 919 457 949 hic
472 925 516 949 est
530 918 643 953 Titius,
661 917 714 957 qui
728 917 868 958 Appium
886 917 1034 946 minorem

148 969 235 990 reum
249 961 318 991 fecit
330 961 367 991 de
382 962 421 992 vi.
434 962 472 992 ad
485 962 558 992 Div.
570 959 667 999 VIII,
681 962 710 990 8.
727 970 799 990 nam
810 965 931 990 vocatur
943 959 1034 990 emis-

150 1003 246 1033 sarius
262 1005 392 1034 Servilii.

191 1048 273 1075 Sart.
295 1049 408 1085 Tatius,
431 1047 486 1078 Or.
506 1047 550 1085 II,
572 1050 618 1077 11.
637 1047 777 1077 tribunus
796 1047 838 1087 pl.
863 1045 1032 1083 seditiosus,

150 1089 190 1118 A.
206 1088 246 1118 U.
258 1090 330 1120 654.
349 1091 486 1121 Antonio
496 1091 624 1121 Oratore
634 1096 662 1120 et
671 1090 787 1120 Albino
805 1089 999 1123 consulibus;
1017 1098 1036 1117 a

147 1142 208 1172 quo
223 1132 303 1172 leges
321 1134 409 1164 'l'itiae
428 1134 578 1164 dicuntur.
604 1133 708 1162 Multa
724 1139 826 1163 contra
841 1142 934 1172 remp.
952 1131 1031 1161 fecit.

147 1175 188 1204 Ei
198 1175 305 1206 resistit
316 1177 477 1206 Antonius.
500 1176 587 1206 Idem
597 1176 628 1205 in
641 1186 710 1205 eum
723 1175 930 1205 testimonium
940 1173 1030 1211 dixit,

147 1228 217 1247 cum
240 1225 343 1259 postea
362 1230 430 1250 reus
453 1219 549 1249 factus
570 1225 654 1249 esset.
679 1219 768 1248 Brut.
791 1219 842 1248 62.
865 1217 980 1257 loquax
1003 1222 1033 1246 et

147 1266 264 1299 acutus,
295 1262 346 1292 sed
370 1262 470 1292 mollis
496 1262 527 1291 in
553 1268 647 1302 gestu.
681 1262 731 1291 Ab
753 1271 787 1291 eo
803 1259 967 1290 saltationis
981 1270 1035 1299 ge-

147 1312 204 1333 nus
230 1305 321 1335 molle
348 1315 457 1335 nomen
484 1308 506 1323 “
525 1305 646 1335 Τιέἰιιε”
671 1304 793 1344 accepit.
818 1303 874 1334 Or.
905 1301 951 1338 II,
978 1303 1031 1333 66.

147 1356 178 1376 se
200 1345 404 1378 Cassandram
424 1348 507 1385 dicit,
531 1348 614 1388 quod
632 1357 702 1378 vera
722 1346 843 1383 diceret,
864 1355 919 1376 nec
943 1344 1034 1375 fidem

146 1389 302 1420 inveniret.
328 1392 407 1421 Rab.
426 1391 515 1421 Perd.
531 1392 561 1421 9.
578 1390 794 1421 condemnatus
809 1395 864 1427 est,
881 1388 963 1428 quod
979 1389 1033 1418 Sa-

147 1433 261 1462 turnini
276 1433 441 1474 imaginem
457 1433 540 1463 domi
560 1444 621 1464 suae
641 1434 774 1463 haberet.
800 1431 910 1462 Nescio
930 1441 968 1460 an
983 1430 1033 1460 hic

146 1475 195 1512 sit,
212 1475 276 1516 qui,
293 1476 349 1506 Or.
368 1476 413 1514 II,
431 1478 482 1506 62.
500 1475 564 1514 III,
581 1477 631 1506 23.
656 1475 747 1505 nimis
763 1474 893 1505 studiose
907 1474 970 1514 pila
985 1473 1034 1502 lu-

146 1517 227 1555 sisse,
245 1524 274 1548 et
289 1519 374 1559 signa
389 1530 471 1550 sacra
485 1525 576 1549 noctu
591 1519 724 1559 fregisse,
747 1517 865 1548 dicitur.
889 1517 920 1546 N
923 1526 962 1546 on
977 1515 1034 1545 du-

148 1560 225 1590 bitat
241 1561 404 1598 Corradus,
417 1563 455 1592 ad
472 1563 560 1592 Brut.
577 1574 606 1603 p.
623 1565 697 1592 3⁴1.

193 1605 228 1633 T.
245 1605 359 1643 Titius,
373 1605 410 1635 T.
426 1605 461 1635 F.
472 1605 511 1634 ad
523 1605 593 1635 Div.
610 1604 709 1640 XIII,
729 1604 781 1638 75.
806 1603 924 1642 legatus
936 1601 1033 1631 Pom-

145 1646 212 1686 peio
227 1647 269 1676 rei
289 1647 494 1678 frumentariae
515 1648 664 1688 praefecto.
690 1646 750 1677 Hic
771 1651 815 1675 est
838 1645 972 1681 fortasse,
995 1643 1034 1673 ad

145 1699 237 1729 quem
262 1690 386 1731 epistola
413 1691 451 1721 16
475 1691 528 1721 lib.
546 1690 576 1720 V
591 1690 754 1732 perscripta
770 1694 822 1719 est.
850 1687 898 1718 Cf.
917 1689 955 1718 P.
977 1687 1032 1717 Tet-

151 1733 225 1762 tius.
