1122 1868
148 103 214 135 246
368 104 518 137 INDEX
543 104 827 136 HISTORICUS.

143 188 209 228 lege
234 189 304 220 Liv.
327 189 529 228 XXXVIII,
556 191 608 226 57.
631 190 705 221 Nat.
728 190 768 220 D.
786 191 834 227 ΙΙ,
855 194 885 222 4.
910 191 982 223 Div.
1001 193 1027 229 1,

145 233 196 262 17.
221 233 277 263 διε.
302 233 405 265 vitiose
426 235 562 265 consules
586 240 676 269 creat,
701 234 737 263 P.
761 234 932 274 Scipionem
953 242 983 266 et
998 238 1036 267 G.

142 274 311 314 Figulum:
337 287 374 306 ex
397 278 555 307 consulatu
581 276 752 307 Sardiniam
777 277 902 307 obtinet.
924 277 980 308 Or.
1004 280 1032 316 Ι,

141 318 171 347 9.
197 316 313 348 Censor
338 320 493 350 libertinos
517 325 548 350 et
572 319 720 359 reliquam
743 319 847 349 faecem
872 321 978 361 populi
1002 322 1034 352 in

140 361 271 391 urbanas
287 361 383 392 tribus
399 363 528 401 conjicit.
547 362 646 392 Aliter
662 362 730 391 Liv.
744 362 839 392 XLV
842 384 852 399 7
872 364 920 393 15.
947 364 1034 394 Cice-

138 403 206 432 roni
231 405 377 434 consentit
402 406 522 435 Auctor
544 405 581 435 de
601 404 684 434 Viris
704 404 812 434 illustr.
836 406 906 435 Inv.
930 405 957 443 I,
978 408 1032 438 30.

136 444 249 475 iterum
264 448 369 477 consul
385 447 429 484 fit,
453 448 535 488 quod
552 448 581 477 in
597 447 722 477 censura
737 448 780 477 ni]
803 447 873 478 fecit
888 449 1032 480 insciente

136 488 262 528 collega.
288 489 358 519 Div.
388 489 414 527 Ι,
446 491 494 520 18.
522 490 569 528 11,
597 491 648 520 29.
671 490 846 530 prodigium
867 492 1028 532 anguium,

137 531 220 570 quod
236 531 263 561 ei
279 533 417 562 oblatum
433 539 486 563 est.

185 575 232 603 Τι’.
252 575 417 612 Gracchus,
442 576 494 605 Ti.
508 576 551 605 fil.
569 575 605 605 P.
623 575 665 605 N.
690 574 828 605 Africani
843 587 880 606 ex
897 577 960 607 filia
975 587 1028 608 ne-

134 625 198 655 pos.
234 617 322 647 Brut.
355 619 406 653 27.
436 624 650 658 praeceptorem
680 618 787 647 habuit
818 618 1027 660 Diophantem

135 658 365 699 Mitylenaeum.
400 661 504 691 Causa
528 661 699 690 tribunatus
726 660 869 698 seditiosi,
900 662 938 692 de
966 664 1028 703 qua

132 700 193 730 vid.
213 702 292 731 Vell.
312 703 358 740 ΙΙ,
381 707 411 734 2.
434 703 524 733 Brut.
548 707 599 733 25.
618 713 636 732 a
656 703 705 733 M.
727 703 856 734 Octavio
880 705 1026 745 patientia

132 743 291 784 frangitur.
316 746 406 776 Brut.
432 747 483 780 27.
512 745 684 787 eloquentia
707 746 784 784 ejus,
813 753 841 776 et
867 747 1025 778 orationes.

131 785 194 815 Off.
213 788 242 823 Ι,
261 791 312 817 22.
329 799 347 818 a
364 789 403 820 P.
421 788 535 819 Nasica
551 789 728 819 interemtus
744 794 796 818 est.
821 788 871 820 Cf.
888 790 926 820 ad
946 791 1023 821 Her.

132 827 194 864 IV,
213 832 265 859 55.

174 873 207 902 C.
230 874 396 911 Gracchus,
420 874 472 904 Ti.
490 875 526 904 F.
543 875 579 904 P.
594 874 637 904 N.
655 874 732 904 Har.
745 875 840 915 Resp.
857 879 908 906 20.
925 882 1022 907 morte

127 913 227 945 fratris
254 916 371 947 Tiberii
394 918 541 947 excitatur
561 917 600 947 ad
623 917 792 947 seditiones.
814 918 887 948 Div.
909 919 937 955 l,
965 920 1016 950 26.

125 964 313 997 quaesturam
343 960 472 1000 petentis
495 960 659 990 somnium.
687 960 808 991 Cluent.
829 963 880 991 54.
903 962 965 998 lex,
982 971 1021 992 ne

124 1000 193 1039 quis
206 1001 321 1039 judicio
345 1002 606 1033 circumveniatur.
630 1003 693 1033 Off.
715 1001 761 1040 II,
779 1007 830 1034 21.
852 1003 1020 1044 largitioni-

124 1042 182 1072 bus
198 1044 338 1074 aerarium
354 1045 502 1075 exhaurit.
528 1046 620 1076 Tusc.
636 1045 700 1082 ΙΙΙ,
715 1050 766 1076 20.
783 1052 928 1087 patronus
944 1057 1018 1077 aera-

123 1085 160 1114 rii
183 1085 287 1117 haberi
312 1088 389 1117 vult.
412 1088 506 1118 Dom.
529 1090 558 1118 9.
577 1089 627 1118 lex
647 1089 684 1119 de
710 1089 882 1129 provinciis.
903 1089 952 1119 De
973 1090 1016 1119 le-

121 1127 212 1167 gibus
238 1130 302 1168 ejus
319 1136 348 1160 et
368 1130 468 1161 fratris
488 1141 516 1161 v.
538 1133 609 1160 Ind.
636 1132 762 1171 Legum.
786 1131 873 1162 Orat.
893 1132 941 1168 ΙΙ,
963 1133 1014 1161 66.

120 1180 176 1210 pro
203 1172 268 1210 ejus
294 1173 391 1213 capite
416 1184 525 1203 aurum
549 1183 710 1213 repensum
730 1180 773 1204 est
794 1175 1014 1215 Septumuleio.

121 1212 206 1243 Add.
228 1215 309 1245 Plin.
328 1216 371 1245 H.
397 1216 440 1245 N.
462 1215 631 1252 XXXIII,
648 1218 678 1246 3.
705 1217 760 1247 ΒΓ.
777 1220 828 1247 26.
848 1217 1015 1248 orationem

120 1262 225 1286 contra
240 1267 312 1288 eum
328 1257 435 1289 habuit
451 1258 487 1289 C.
503 1260 652 1289 Fannius.
673 1260 727 1289 Br.
745 1263 796 1291 32.
810 1260 1019 1301 eloquentissi-

118 1307 198 1328 mus.
223 1299 279 1330 Or.
298 1300 362 1337 ΙΙΙ,
386 1302 437 1331 60.
457 1302 488 1331 in
504 1302 631 1332 dicendo
653 1313 726 1332 usus
742 1309 785 1333 est
800 1303 935 1339 homine,
959 1303 1014 1343 qui

117 1341 251 1372 eburnea
267 1343 368 1374 fistula
383 1344 501 1374 inflaret
516 1354 636 1383 sonum,
651 1355 712 1385 quo
722 1345 810 1375 illum
826 1352 879 1375 aut
893 1355 1014 1375 revoca·

116 1389 161 1413 ret
176 1395 194 1413 a
209 1385 304 1416 nimia
320 1387 521 1425 contentione,
539 1393 591 1417 aut
606 1388 765 1418 remissum
782 1388 935 1418 excitaret.

161 1427 327 1466 Gracchus,
352 1430 459 1460 Rabir.
477 1430 566 1460 Perd.
591 1431 620 1465 7.
638 1441 752 1466 servus,
776 1437 880 1471 postea
893 1431 1010 1461 liberti-

115 1477 184 1506 nus,
202 1470 266 1510 qui,
284 1472 357 1512 quia
379 1482 410 1502 se
425 1483 478 1513 pro
495 1473 546 1502 Ti.
563 1473 693 1504 Gracchi
708 1473 770 1503 filio
785 1475 921 1513 gerebat,
938 1474 1011 1503 arti·-

114 1511 172 1540 bus
196 1512 353 1543 Saturnini
378 1515 519 1545 tribunus
537 1516 579 1556 pl.
599 1525 670 1546 cum
690 1516 756 1556 ipso
780 1517 878 1546 factus
896 1522 951 1553 est,
977 1522 1008 1546 et

113 1562 184 1582 cum
200 1564 234 1584 eo
251 1555 438 1596 Capitolium
455 1558 623 1598 occupavit.

157 1596 320 1636 Graeceius,
343 1599 382 1629 ad
399 1600 471 1630 Div.
490 1600 552 1637 XI,
571 1601 600 1636 7.
626 1604 674 1631 12.
690 1600 809 1631 videtur
823 1600 855 1631 in
871 1600 1004 1632 exercitu

113 1637 205 1668 Bruti
221 1639 355 1680 aliquem
370 1642 473 1673 locum
490 1643 631 1674 tenuisse.

153 1682 191 1710 P.
209 1682 354 1720 Granius,
378 1684 467 1714 Verr.
486 1686 548 1723 VI,
569 1688 619 1716 59.
637 1686 805 1726 negotiator
821 1686 852 1716 in
868 1685 982 1716 Sicilia.

154 1724 190 1758 Q.
209 1726 350 1761 Granius,
368 1737 477 1767 praeco‚
494 1728 656 1758 hominum
667 1739 871 1765 summorum,
888 1728 1002 1765 Crassi,

107 1765 223 1804 Catuli,
239 1768 440 1810 aliorumque,
464 1777 586 1811 propter
609 1771 810 1808 dicacitatem,
833 1771 1002 1809 familiaris,
