1122 1868
175 81 238 112 350
388 84 536 116 INDEX
561 84 850 117 HISTORICUS.

221 169 262 199 L.
278 171 425 208 Rubrius,
442 171 592 202 Cassinas.
616 171 697 202 Phil.
722 170 770 210 Π,
791 171 841 201 16.
858 171 885 202 ei
900 176 1061 202 testamen-

178 217 246 242 tum
261 214 382 253 subjicit
397 214 444 245 M.
466 214 629 244 Antonius.

219 255 256 285 P.
274 257 416 295 Rubrius,
434 257 521 288 Verr.
535 256 596 295 IV,
613 259 663 293 57.
680 267 771 298 eques
786 257 921 287 Rom.in
935 257 1063 297 Syracu-

177 307 249 328 sano
265 307 423 331 conventu.

224 342 261 378 Q.
279 345 416 374 Rubrius
437 347 539 375 Varro.
562 344 650 374 Brut.
669 345 719 373 45.
736 354 754 373 a
770 349 874 373 senatu
889 342 983 373 hostis
992 352 1062 374 cum

177 383 281 416 Mario
293 388 456 425 judicatus.
473 398 539 418 acer
554 393 583 416 et
598 386 758 416 vehemens
773 392 936 416 accusator.

222 429 258 464 Q.
275 431 421 469 Rubrius,
434 431 523 460 Verr.
540 430 600 465 IV,
618 431 669 460 80.
685 441 703 460 a
718 429 814 460 Verre
827 429 859 459 in
873 429 987 467 Sicilia,
1003 435 1065 459 tor-

176 481 246 513 que,
263 474 405 514 phaleris,
422 482 451 505 et
466 474 585 509 coronssi,
602 473 741 503 donatur.

221 519 323 557 Rufio,
337 518 375 548 ad
391 518 463 548 Div.
487 517 566 553 VII,
583 518 634 546 20.
658 515 796 546 Trebatii
811 515 944 556 gentilis,
961 521 996 545 ut
1010 514 1064 546 do-

176 565 221 590 cet
236 560 400 591 Manutius
412 571 449 591 ex
464 560 667 599 inscriptione.

221 605 323 644 R1fio,
347 604 412 634 Att.
429 604 472 640 V„
489 605 520 633 2.
537 601 633 640 XIV,
654 605 703 633 14.
720 607 763 632 est
784 601 980 642 Sempronius
996 601 1064 631 Ru-

175 646 235 676 fus.
266 648 360 685 Rufio
384 652 428 677 est
450 645 667 677 diminutivum
693 656 712 675 a
739 644 855 684 Rufus.
893 644 1066 675 Amabatur

177 695 279 719 autem
296 701 313 720 a
330 690 484 725 Cicerone„
504 696 539 719 ut
564 699 601 718 ex
617 688 743 729 epistol&
758 687 846 718 Coelii
868 687 997 728 intelligi
1011 697 1066 728 po-

177 737 243 762 test.
267 733 317 763 De
332 733 511 773 Sempronio
527 731 623 768 Rufo,
640 731 700 761 vid.
715 730 805 760 infra.

223 775 336 813 Rufus,
358 775 396 805 ad
414 775 484 806 Div.
501 775 543 812 V,
570 777 619 805 19.
644 780 688 804 est
714 774 752 804 L.
770 773 938 804 Mescinius
953 772 1066 804 Rufus.

182 812 306 858 Cogiiat
321 819 359 849 ad
376 819 559 860 Pompeium
575 817 711 847 transire.
723 827 769 857 ep.
783 818 834 846 20.
851 816 998 857 queritur,
1015 816 1068 846 Ci-

178 871 317 892 ceronem
342 862 472 892 rationes
486 860 659 902 provinciae,
685 871 715 890 se
736 869 797 890 non
823 865 1006 899 exspectato,
1029 858 1068 889 ad

178 904 319 935 aeran'um
344 905 495 935 detulisse.
513 903 609 943 XIV,
629 904 679 933 14.
697 909 741 934 est
755 902 805 933 M.
821 902 935 933 Coelius
949 901 1065 939 Rufus,

178 953 232 977 aut
248 947 417 979 Mescinius
434 948 547 978 Rufus.

222 991 339 1031 Rufus,
356 991 394 1022 ad
417 991 490 1021 Div.
511 989 574 1027 ΙΧ,
591 991 643 1020 24.
660 989 776 1021 amicus
792 987 882 1028 Paeti,
898 988 1008 1019 dicitur
1029 987 1067 1018 de

175 1033 272 1064 salute
288 1034 439 1065 Ciceronis
453 1034 613 1064 laborasse.

222 1076 337 1118 Rufu8‚
355 1077 443 1108 Orat.
460 1077 508 1114 II,
522 1077 573 1107 69.
590 1076 710 1107 Videin
727 1075 872 1106 Rutilius.

222 1120 400 1161 Rufrem'us,
414 1120 452 1150 ad
468 1119 541 1150 Div.
557 1119 602 1156 X,
620 1120 672 1149 21.
695 1119 813 1159 legatus
833 1117 945 1159 Lepidi
959 1117 1069 1148 trium-

177 1161 246 1199 viri,
263 1169 316 1193 aut
331 1164 483 1201 tribunus,
499 1168 553 1192 aut
567 1162 667 1192 simile
681 1162 766 1202 quid.

223 1207 263 1236 P.
280 1207 402 1243 Rullus,
418 1206 532 1247 Agrar.
542 1205 572 1242 Ι,
589 1207 618 1235 5.
635 1205 705 1235 trib.
721 1205 763 1245 pl.
777 1204 899 1234 consule
913 1203 1069 1241 Cicerone,

178 1248 232 1289 qui
247 1249 347 1290 legem
369 1248 537 1290 Agrariam
552 1248 635 1287 tulit,
659 1257 753 1289 quam
773 1246 880 1278 Cicero
894 1247 991 1277 tribus
1001 1257 1069 1277 ora-

180 1291 315 1322 tionibus
339 1292 485 1322 dissolvit.
517 1291 576 1321 Est
600 1301 616 1321 e
637 1290 781 1322 Serviliis.
812 1288 865 1320 De
884 1295 970 1331 patre
992 1291 1069 1330 ejus,

180 1333 242 1364 vid.
258 1335 340 1365 Plin.
358 1335 402 1365 H.
417 1336 461 1366 N.
477 1333 576 1372 VIII,
593 1334 645 1364 51.

225 1377 262 1408 P.
280 1379 405 1417 Rullus,
421 1378 499 1409 alius
519 1377 611 1408 etiam
633 1377 703 1408 trib.
724 1376 806 1418 pleb.
827 1381 883 1414 est,
902 1386 958 1418 pro
975 1375 1070 1407 Dom-

228 1463 265 1499 Q.
278 1464 391 1494 Fabius
405 1464 527 1502 Rullus,
547 1463 633 1494 Phil.
648 1463 693 1501 V,
711 1462 761 1498 17.
773 1461 941 1493 admodum
955 1462 1070 1494 adoles-

182 1515 252 1536 cens
264 1507 369 1537 consul
384 1507 428 1537 fit.
450 1507 531 1537 Vide
546 1506 583 1537 M
587 1512 670 1537 anut-

225 1550 330 1588 Rupa,
347 1550 385 1580 ad
398 1550 471 1580 Div.
488 1549 537 1587 II,
554 1551 585 1580 3.
600 1550 726 1580 libertus
741 1547 892 1580 Curionis.

223 1592 266 1621 A.
285 1593 441 1632 Rupilius,
458 1593 580 1624 Cluent.
597 1593 648 1623 63.
664 1592 809 1623 medicus.

199 1676 206 1682 ·
221 1635 378 1675 Rupilius,
396 1636 458 1666 Off.
481 1636 511 1674 Ι,
533 1636 586 1666 31.
600 1635 716 1666 histrio.
739 1634 911 1676 Antiopam
938 1633 995 1665 sibi
1014 1633 1068 1665 eli-

177 1683 262 1750 glt'R
286 1721 439 1760 Rupilius,
467 1721 559 1753 Verr.
581 1721 624 1760 V,
648 1722 700 1752 50.
723 1720 800 1751 Lael.
819 1723 869 1751 11.
891 1720 927 1751 Ρ.
945 1719 1069 1761 Popillii

184 1762 318 1794 Laenatis
348 1764 463 1806 collega
484 1765 515 1796 in
540 1765 711 1804 consulatu,
737 1764 777 1797 A.
801 1764 842 1797 U.
868 1764 941 1795 621.
974 1763 1070 1803 Quae-
