1137 1848
240 85 388 116 INDEX
412 85 663 118 GEOGRAPH
671 87 778 117 ICUS.
909 87 949 120 97

66 178 115 202 tus
138 182 156 201 a
179 172 295 210 legibus
316 174 459 202 sacratis.
483 172 522 202 V.
545 171 613 202 Ind.
638 173 734 213 Legg.
757 173 787 201 in
812 175 950 203 Sacraeoe

67 215 161 250 Lewz-

110 259 336 296 Mopsuhessta,
353 258 391 288 ad
407 258 480 288 Div.
498 257 563 295 III,
579 259 611 294 8,
629 260 730 293 Μοῲου
747 259 840 299 (regis
855 257 948 297 Argi-

66 300 187 339 vorum)
204 302 320 338 Ἔστια,
341 301 489 341 oppidum
506 300 633 337 Ciliciae,
647 301 684 330 ad
701 301 869 342 Pyramum
885 311 951 330 am-

67 353 136 373 nem
151 353 245 383 prope
259 354 351 373 mare.

112 387 257 416 Mulvius
277 397 368 425 pons,
390 387 428 416 ad
449 385 516 416 Att.
537 386 636 423 XIII,
662 387 714 422 33,
740 387 793 427 qui
813 386 948 416 Tiberim

63 428 177 469 jungit,
194 439 286 469 prope
304 430 459 459 Romam:
484 429 521 460 de
539 440 600 470 quo
618 441 646 460 v.
668 429 766 459 Tacit.
790 429 830 460 A.
847 428 947 465 XIII,

109 515 337 553 stlurgentinus
357 526 442 554 ager,
464 515 494 544 in
512 514 600 545 Verr.
620 513 680 551 lv,
700 516 751 551 18,
773 515 826 556 qui
841 521 885 545 est
908 514 947 544 ad

68 559 302 596 Illurgeneium,
327 559 475 599 oppidum
500 558 622 595 Siciliae,
650 568 741 598 supra
766 558 877 588 ostium
904 557 950 588 Si-

68 601 184 637 maethi,
201 611 293 642 prope
308 612 400 631 mare.

112 645 258 681 immina,
275 644 422 685 oppidum
438 643 548 675 Ganiae
561 643 751 684 Cispadanae,
768 644 857 674 hodie
877 645 952 674 Mo-

69 688 158 717 dena.

112 731 319 770 Mutycensis,
345 730 376 760 in
402 730 489 760 Verr.
516 730 568 761 lib.
596 730 656 767 lV,
685 732 738 768 43,
764 741 782 760 a
811 728 951 765 Muticd,

69 772 150 803 Sicil.
164 773 293 813 oppido:
320 785 342 803 s.
361 774 562 811 IIIute'censz's,
579 779 613 802 ut
628 773 718 804 habet
734 774 805 803 MS.
822 773 952 813 Huyde-

69 816 264 855 coperianus;
289 817 340 847 alii
360 817 552 856 Illutyensis.
578 816 618 845 V.
640 816 792 846 Harduin.
812 816 850 845 ad
871 816 952 845 Plin.

72 857 139 896 III,
156 860 198 894 ὃς
225 859 326 889 Graev.
352 859 390 889 ad
414 860 434 889 l.
451 870 474 889 c.
499 861 539 889 ln
563 858 666 888 Anon.
690 859 877 895 Ravennate,
901 858 954 888 lib.

72 900 113 939 V,
130 913 160 942 p.
177 912 218 931 m.
236 903 310 939 804,
327 907 371 932 est
388 903 535 932 sslutaca.

113 946 328 983 lecenenses,
345 956 363 974 a
378 946 526 984 sslycenz‘s
542 945 573 974 in
589 944 744 984 Argoh'de.

113 988 253 1027 fllylasa,
271 988 352 1019 Phil.
368 986 410 1023 V,
428 990 459 1025 7,
476 990 547 1018 urbs
561 988 660 1018 Cariae
674 999 683 1024 3
710 987 789 1017 unde
804 987 954 1027 sslylasei,

69 1030 109 1060 ad
124 1030 196 1061 Div.
213 1031 317 1068 XIII,
335 1031 386 1060 56.
402 1030 480 1061 Haec
491 1038 534 1061 est
545 1033 628 1067 urbs,
641 1031 671 1060 in
685 1040 777 1071 quam
788 1040 857 1060 cum
871 1030 954 1060 Stra-

69 1073 186 1103 tonicus
212 1075 349 1109 venisset,
377 1081 499 1114 propter
517 1075 700 1114 templorum
727 1073 954 1103 multitudinem

69 1116 230 1147 clamavit:
257 1118 385 1153 Audite,
410 1118 530 1156 templa.
557 1117 615 1147 Per
636 1116 765 1156 simplex
789 1117 809 1146 S
826 1116 955 1145 scriben-

69 1159 144 1189 dum
160 1159 293 1190 defendit
306 1161 351 1191 W
353 1160 434 1190 essel.
447 1161 485 1190 ad
503 1160 688 1195 Hieroclem,
705 1170 738 1199 p.
753 1160 814 1188 683
829 1170 836 1188 ε
859 1158 953 1198 pluri-

70 1202 126 1231 bus
142 1201 372 1239 Drakenborch,
390 1203 428 1232 ad
444 1203 513 1233 Liv.
530 1203 731 1239 XXXVIII,
748 1202 799 1232 39.

114 1246 271 1285 Myndus,
284 1246 430 1287 oppidum
445 1246 552 1276 Cariae.
570 1247 773 1285 sslgsndenses,
788 1246 852 1284 ejus
864 1244 953 1280 cives,

71 1287 109 1316 ad
126 1287 197 1317 Div.
216 1289 285 1325 ΙΙΙ,
303 1291 344 1318 8:
369 1289 422 1319 ubi
446 1294 548 1319 tamen
570 1288 731 1318 Manutius
756 1288 816 1327 legi
839 1287 955 1317 volebat

71 1331 309 1369 synnadensem
340 1331 519 1368 Quarterius
542 1342 589 1372 ap.
616 1331 773 1362 Olivetum
806 1331 955 1360 Mirlaaen-

69 1383 126 1410 ses,
151 1375 188 1404 ab
212 1374 323 1414 oppido
346 1374 490 1414 Phrygiae
512 1375 636 1404 Midaio
660 1374 781 1415 (Graece
800 1372 953 1412 Μιὸαειον).

72 1415 145 1446 Fuit
160 1416 241 1446 enim
265 1427 300 1447 ea
314 1427 383 1457 pars
405 1417 548 1457 Phrygiae
569 1419 625 1447 sub
645 1427 757 1458 procos.
780 1415 914 1451 Ciliciae3
939 1426 956 1445 a

72 1458 133 1498 qu&
147 1458 236 1499 longe
251 1461 352 1490 aberat
368 1461 513 1499 ffilymlus
528 1460 636 1491 Catiae.

116 1503 267 1541 Myrina,
283 1503 323 1532 ad
338 1502 410 1532 Div.
428 1502 470 1538 V,
484 1505 537 1540 20,
554 1504 626 1533 urbs
641 1502 763 1533 AEoliae.

114 1546 155 1574 M
154 1546 225 1584 ysia,
241 1545 322 1586 regio
336 1545 421 1575 Asiae
437 1545 578 1583 Minoris,
603 1545 641 1575 ad
656 1556 739 1576 mare
760 1545 901 1585 AEgaeum
920 1551 951 1574 et

74 1586 309 1627 Hellespontum
323 1599 332 1625 ς
350 1588 431 1618 unde

117 1629 270 1670 Mysorum
282 1641 366 1672 gens.
386 1631 441 1661 Or.
460 1641 515 1671 pro
530 1631 649 1670 Flacco,
667 1632 696 1661 3.

110 1798 256 1839 (Clavss.)
721 1809 740 1828 ι
