1137 1848
323 58 474 90 INDEX
497 56 786 89 HISTORICUS.
937 57 995 92 167

111 146 270 178 Serviliam
285 145 436 186 Caepionis
450 144 559 175 habuit
572 143 603 173 in
623 142 829 177 matrimonio.
846 152 938 182 quem
954 142 993 172 P.

107 189 270 221 Manutius
281 189 319 218 ad
334 188 364 218 h.
374 188 397 218 1.
414 193 502 228 putat
516 197 577 217 esse
587 185 685 216 filium
698 187 762 224 ejus
772 185 815 223 Q.
830 185 994 226 Caepionis‚

111 233 165 274 qui
179 232 259 262 bello
271 231 372 261 sociali
382 230 479 271 periit.
503 231 586 260 Eum
603 239 673 259 sane
690 228 795 260 Cicero
811 228 893 265 dicit,
910 238 996 268 posse

106 286 169 306 esse
194 275 226 305 in
250 274 436 315 principibus
457 274 482 304 si
503 273 635 303 viveret:
661 271 743 312 quod.
766 271 799 301 in
825 271 906 301 hunc
932 281 993 301 non

104 318 193 349 cadit.

149 362 185 396 Q.
201 360 304 397 Capio,
321 359 471 395 Fin.·111.
483 361 512 389 2.
526 358 640 388 amicus
654 357 815 388 Ciceronis.
840 356 897 386 Est
912 356 994 386 filius

107 403 313 445 praecedentis‚
337 402 429 432 frater
453 402 586 433 Serviliae
609 401 754 437 Luculli3
778 400 832 441 qui
847 399 896 429 M.
912 400 995 430 Bm-

103 453 168 477 tum
187 446 349 486 adoptavit.

151 490 187 525 Q.
203 491 306 525 caepio,
322 488 360 518 ad
378 487 451 518 Div.
462 487 543 524 VII,
560 488 613 517 21.
631 493 674 517 est
691 486 738 516 M.
755 487 883 521 Brutus.
901 485 994 525 adop-

102 539 183 563 tatus
193 543 211 562 a
226 532 268 569 Q.
284 531 438 571 Caepione.
455 531 493 561 de
507 541 568 570 quo
583 536 661 560 ante.
687 530 802 560 Praetor
812 530 946 558 urbanus
959 538 993 558 eo

103 585 194 611 anno,
217 585 278 615 quo
304 573 405 604 Caesar
425 573 597 604 interfectus
616 578 668 603 est.
694 573 759 602 Att.
778 572 825 607 ΙΙ,
850 572 902 601 24.
936 570 994 601 (ἠ.

107 617 212 658 Caepio
227 618 356 653 Brutus,
375 617 475 646 Graev.
502 627 574 647 corr.
600 616 642 653 Q.
664 615 768 656 Caepio
783 615 912 645 Brutus.
945 614 995 644 Sic

103 667 148 692 est
164 661 244 690 Phil.
261 659 304 697 X⁷
324 662 372 688 11.

151 703 299 737 Caerellia,
315 702 353 732 ad
369 702 440 732 Div.
457 701 557 738 XIII7
575 702 627 738 72,
649 701 813 731 necessaria
829 699 995 737 Ciceronis,

107 746 173 777 Att.
190 745 291 782 XIII,
307 746 358 775 21.
371 745 470 775 studio
485 745 683 786 philosophiae
698 744 813 784 flagrat.
829 743 911 781 XII,
928 746 958 774 5.

153 790 189 820 C.
208 790 317 820 Julius
335 790 440 824 Caesar,
458 788 495 817 L.
513 788 549 818 F.
567 787 621 818 Or.
641 787 686 825 ΙΙ,
703 787 733 816 3.
751 786 792 824 Q.
809 786 912 817 Catuli
934 786 995 816 fra-

107 839 160 864 ter.
177 831 239 862 Off.
257 830 284 869 Ι,
302 832 354 866 37.
371 831 484 861 facetiis
499 831 569 861 vicit
584 840 697 860 onmes.
721 829 785 859 Off.
810 829 838 865 Ι,
860 830 910 859 30.
929 830 995 868 ejus

106 885 258 907 sermones
265 875 364 904 multo
374 875 475 914 lepore
487 873 599 904 conditi
611 879 704 903 erant.
722 871 830 912 Itaque
843 872 945 908 etiam.
959 872 997 902 de

108 919 164 950 Or.
185 917 231 955 ΙΙ,
248 917 401 947 inducitur
416 916 452 946 de
465 917 540 956 jocis
555 923 584 947 et
603 915 737 946 ridiculis
753 915 908 946 disserens.
925 915 995 946 add.

109 961 181 992 infr.
197 961 230 990 in
248 962 280 990 C.
295 960 409 990 Julius.

153 1005 186 1034 C.
202 1005 307 1034 Julius
330 1004 435 1040 caesar,
452 1002 543 1031 Balb.
566 1004 613 1032 19.
638 1001 671 1031 in
698 1001 851 1042 Hispania
873 1006 994 1041 praetor,

107 1058 176 1089 quae
191 1046 351 1076 Gaditanis
366 1044 510 1076 beneficia
525 1044 672 1075 tribuerit.
696 1044 762 1074 Att.
780 1043 826 1081 ΙΙ,
853 1047 903 1073 21.
925 1054 996 1075 con-

109 1091 225 1121 cionem
248 1089 280 1118 in
302 1088 453 1118 Bibulum
475 1087 622 1118 concitare
642 1097 702 1117 non
728 1093 833 1127 potest.
858 1087 950 1117 Dom.
968 1089 999 1118 9.

106 1133 276 1174 gratulatur
296 1132 333 1161 P.
357 1131 465 1162 Clodio
487 1138 637 1160 remotum
662 1141 700 1160 ex
725 1131 811 1160 Urbe
837 1130 996 1161 Catonem.

108 1179 174 1206 Att.
192 1175 240 1211 ΙΙ,
257 1175 287 1204 3.
313 1174 350 1205 de
376 1173 588 1213 conjungendo
604 1174 752 1214 Pompeio
777 1179 805 1202 et
827 1173 937 1204 Crasso
951 1173 997 1203 la-

106 1220 202 1250 borat.
223 1217 261 1247 ad
277 1217 348 1247 Div.
371 1217 415 1253 X,
434 1220 483 1246 16.
500 1216 656 1246 volumina
672 1218 905 1253 απετὲεγματων
926 1226 997 1246 con-

109 1262 180 1292 ficit.
198 1260 265 1291 Cat.
284 1259 344 1297 IV,
366 1261 396 1289 4.
421 1259 570 1289 sententia
594 1260 658 1298 ejus
684 1259 722 1288 de
746 1257 940 1289 Catilinariis.
957 1259 997 1289 ad

108 1304 181 1335 Div.
206 1302 267 1341 VI,
287 1303 336 1332 18.
360 1303 471 1342 legem,
488 1302 549 1342 qua
564 1302 737 1342 prohiberet
751 1311 814 1331 esse
834 1301 865 1331 in
881 1301 998 1332 decuri-

109 1347 229 1384 onibus,
257 1346 310 1386 qui
336 1345 466 1375 facerent
488 1345 685 1384 praeconium‚
710 1344 786 1374 ferre
813 1344 931 1384 cogitat.
958 1345 996 1375 de

110 1390 183 1420 Div.
200 1389 229 1424 Ι,
250 1390 297 1418 15.
322 1387 503 1418 Deiotarum
523 1387 692 1417 tetrarchiae
714 1397 806 1427 regno
820 1387 940 1417 multat.
957 1388 996 1418 ad

113 1432 186 1462 Div.
204 1431 305 1468 XIII,
323 1432 351 1460 4.
368 1431 399 1460 in
420 1431 487 1470 lege
504 1430 633 1469 Agraria
650 1430 863 1460 Volaterranos
877 1430 996 1460 liberat.

106 1475 161 1506 Br.
173 1478 224 1507 71.
240 1474 338 1515 qualis
352 1474 383 1503 in
396 1473 532 1503 dicendo.
548 1472 597 1502 De
606 1473 721 1503 ratione
733 1472 842 1502 Latine
851 1473 998 1513 loquendi

107 1518 327 1548 accuratissime
353 1516 479 1556 scripsit.
503 1515 602 1545 Marc.
633 1518 659 1544 1.
684 1516 864 1546 beneficium
889 1516 920 1545 in
945 1516 997 1547 M.

108 1561 293 1591 Marcellum
319 1559 470 1589 laudatur.
496 1560 561 1589 Att.
578 1557 679 1595 XIII,
702 1561 750 1588 10.
774 1558 806 1588 in
827 1559 997 1599 suspicione

107 1609 162 1639 est,
179 1604 243 1642 ejus
256 1604 342 1641 jussu
359 1602 408 1632 M.
423 1601 608 1631 Marcellum
623 1601 814 1631 interfectum
835 1612 917 1635 esse:
942 1601 995 1632 sed

108 1646 287 1676 defenditur.
305 1645 369 1674 Att.
387 1644 430 1681 X„
447 1649 477 1673 4.
493 1654 587 1685 prope
599 1645 687 1683 jubet
706 1644 800 1674 occidi
816 1644 993 1683 Metellum,

107 1689 266 1719 tribunum
281 1688 322 1728 pl.
344 1687 381 1718 de
397 1687 502 1717 Divin.
515 1686 542 1725 Ι,
555 1689 605 1717 52.
617 1697 687 1717 cum
699 1687 881 1723 immolaret,
897 1687 930 1716 in
942 1698 995 1717 ex-

107 1732 144 1762 tis
158 1731 243 1762 bovis
257 1731 352 1772 opimi
367 1741 417 1762 cor
432 1740 492 1761 non
507 1730 576 1761 fuit.
599 1730 682 1771 Top.
695 1732 746 1761 25.
759 1730 878 1770 scripsit
893 1736 995 1760 contra
