1137 1848
328 72 478 104 INDEX
501 72 678 103 LEGUM.
910 74 951 103 53

61 159 165 190 Morbi
180 168 302 200 quoque
324 158 509 190 excusationi
528 168 618 200 poena
638 158 801 189 constituta
816 163 872 195 est,
892 159 951 189 &c-

62 202 134 234 vid.
148 212 204 243 pro
220 202 345 232 Muren.
369 212 393 233 c.
409 203 462 233 ⁶23.

108 245 221 275 Valeria
239 245 330 286 (Agr.
348 246 418 283 ΙΙΙ,
431 247 464 282 2,
476 255 521 286 pr.
538 246 629 276 Rosc.
641 244 718 275 Am.
729 245 783 281 43,
797 244 834 274 de
850 244 949 284 Legg.

60 288 89 325 Ι,
106 289 177 325 &c.)
201 294 244 318 est
260 290 299 319 L.
320 289 432 319 Valerii
445 289 545 319 Flacci
561 288 728 329 interregis,
744 289 786 318 A.
803 288 843 318 U.
864 289 950 323 (371,
941 298 949 306 ·

61 342 123 371 qua
138 331 176 361 L.
194 330 372 362 Cornelium
395 331 514 362 Sullam
535 331 711 361 dictatorem
726 330 848 366 creavit,
866 330 951 360 tulit-

61 384 133 414 que7
150 380 185 404 ut
199 374 313 412 omnia,
337 386 406 415 quae
424 375 551 412 fecisset,
573 380 638 404 rata
659 380 767 409 essent,
789 378 951 414 possetque

62 416 199 457 impune,
216 427 309 458 quem
325 418 425 456 vellet,
442 417 555 447 indicta
571 417 672 454 causa,
689 417 862 447 interficere.

111 459 195 489 Vmia
210 459 271 490 lata
285 466 329 491 est
343 471 362 491 a
378 460 414 495 Q.
434 460 459 489 1
458 462 521 490 ario
538 459 686 500 Hybrida,
703 460 771 490 trib.
789 460 831 500 pl.
847 460 889 489 A.
907 459 948 489 U.

63 502 138 539 662,
154 503 189 532 de
204 505 349 541 mqyestate
361 515 371 541 3
390 514 452 544 qua
467 503 617 534 sancitum
633 509 688 539 est,
704 509 740 533 ut
755 503 882 543 quaestio
898 502 954 532 ha-

61 547 182 577 beretur
197 545 234 576 de
247 546 294 583 iis,
316 556 448 587 quorum
467 546 560 587 opera
580 546 740 576 consiliove
763 545 834 576 socii
850 552 953 575 contra

61 589 211 630 populum
238 589 330 619 Rom.
357 600 442 619 arma
465 589 651 619 sumsissent.
680 589 777 625 Nam,
803 599 838 618 eo
858 598 950 623 anno,

63 641 136 662 coss.
161 631 198 661 L.
224 631 311 662 Julio
335 632 454 663 Caesare
477 638 506 662 et
528 633 564 662 P.
584 632 704 663 Rutilio
727 632 830 672 Lupo,
849 637 952 661 ortum

61 680 107 704 est
131 674 248 704 bellum
271 675 302 705 in
329 674 434 713 Italia,
457 675 539 716 quod
563 675 689 710 Sociale,
716 674 898 710 Marsicum,
922 680 952 704 et

62 717 219 755 Italicum,
235 718 414 759 appellatur.
448 718 554 757 Hujus
575 718 651 758 legis
673 718 815 759 frequens
835 716 952 747 mentio

62 771 112 801 ap.
137 760 275 791 Ciceron.
300 772 328 791 v.
347 772 373 792 c.
394 771 450 801 pro
468 761 541 791 Mil.
562 772 586 792 c.
606 762 669 797 363
692 761 724 790 in
741 761 831 791 Brut.
851 771 876 790 c.
893 762 949 797 56,

62 805 127 840 88;
151 803 268 841 Quaest.
283 803 376 834 Tusc.
395 804 444 842 ΙΙ,
461 805 514 841 24,
532 805 588 834 διε.
621 803 692 841 Sed,
708 804 740 833 in
755 804 821 834 loco
837 808 951 844 postre-

59 857 123 884 mo,
135 846 296 885 Boherius,
307 847 353 877 vir
362 857 513 883 summus,
526 847 654 887 intelligi
664 847 730 877 vult
744 846 836 876 aliam
852 847 951 887 legem

60 889 189 921 Variam
216 890 251 919 de
273 891 406 927 incestu3
431 890 514 931 quod
530 890 671 921 Valerius
687 889 861 926 Maximus,
879 889 935 919 111
939 911 949 925 ,

60 933 93 970 7,
106 932 155 962 Μ.
172 931 345 962 Antonium
360 933 397 963 de
411 932 528 963 incestu
543 938 718 963 accusatum
733 932 845 968 tradit;
866 942 953 961 eum-

58 986 119 1016 que
125 975 226 1006 locum
233 975 294 1005 huc
300 976 428 1006 retulere
435 976 620 1017 interpretes.
631 975 691 1006 Sed
696 981 868 1015 temporum
877 975 953 1005 ratio

57 1018 146 1048 facile
161 1018 261 1058 arguit
276 1018 354 1049 hanc
369 1019 558 1049 sententiam.
585 1019 691 1049 Cicero
711 1018 783 1048 djcit
798 1028 829 1047 se
849 1019 953 1048 vidisse

58 1061 232 1092 Antonium
250 1071 305 1102 pro
326 1072 356 1092 se
376 1061 525 1092 dicentem
546 1072 669 1092 causam
684 1061 751 1101 lege
765 1060 871 1091 Varist.
903 1061 951 1090 At

58 1104 207 1135 accusatio
222 1104 259 1135 de
273 1104 389 1134 incestu
404 1104 483 1135 facta
498 1110 542 1135 est
556 1115 636 1135 anno
652 1110 812 1145 quaesturae
826 1103 950 1144 provin-

59 1147 154 1184 cialis,
171 1157 265 1188 quam
281 1147 409 1188 Pighius
424 1148 514 1178 refert
528 1148 567 1178 ad
580 1147 624 1178 A.
635 1148 676 1177 U.
693 1147 768 1183 640,
784 1157 845 1188 quo
862 1146 952 1176 Cice-

59 1200 94 1220 ro
108 1196 198 1220 natus
212 1190 352 1220 nondum
372 1197 445 1221 erat.
475 1191 603 1221 Necesse
620 1190 714 1230 igitur
736 1195 792 1226 est,
816 1194 851 1219 ut
868 1189 950 1219 idem

60 1238 129 1274 post
151 1233 242 1263 etiam
261 1239 417 1264 accusatus
437 1233 476 1264 sit
496 1233 534 1264 de
553 1234 709 1273 majestate
728 1243 744 1263 e
758 1232 825 1273 lege
840 1232 949 1269 Varia,

62 1286 133 1307 cum
150 1276 256 1307 Cicero
267 1277 333 1316 jam
347 1276 449 1307 forum
464 1277 619 1317 attigisset.

110 1319 234 1354 Vatinia.
254 1320 288 1350 Ρ.
309 1320 429 1357 Vatinii,
456 1319 526 1350 trib.
548 1320 591 1361 pl.
606 1319 649 1350 A.
665 1319 706 1349 U.
723 1319 798 1355 694,
821 1317 945 1348 consule

62 1362 195 1399 Caesare,
219 1362 292 1399 lata,
315 1363 350 1392 de
371 1363 559 1401 repetundis‚·
583 1368 619 1392 ut
643 1361 880 1402 repetundarum
899 1361 951 1400 ju-

59 1404 138 1436 dicio
152 1405 255 1435 liceret
269 1405 384 1435 alterna
398 1405 523 1436 consilia
536 1405 668 1445 rejicere„
684 1404 766 1434 unde
780 1404 846 1444 ipsa
861 1405 907 1434 [ex
917 1404 953 1434 de

59 1449 180 1478 alternis
202 1450 329 1478 consiliis
350 1450 516 1485 rejiciendis
537 1448 658 1486 dicitur,
681 1447 713 1477 in
728 1447 834 1478 Vatin.
856 1457 884 1477 c.
901 1447 951 1477 ll.

60 1490 186 1521 Consilia
195 1497 266 1521 sunt
277 1490 394 1530 judices
409 1501 526 1529 omnes,
539 1501 614 1531 quos
623 1496 733 1531 praetor
747 1490 869 1520 sortitus
884 1494 950 1525 est3

60 1543 110 1564 eos
124 1543 230 1564 omnes
245 1544 283 1564 ex
298 1534 355 1564 hac
370 1534 437 1574 lege
451 1534 545 1564 semel
561 1534 680 1573 rejicere
694 1533 764 1563 licet
778 1543 840 1570 reo,
857 1532 952 1563 semel

56 1576 241 1613 accusatori3
265 1587 336 1607 cum
351 1582 440 1607 antea
464 1577 627 1607 nonnullos
641 1582 762 1607 tantum
777 1576 900 1614 rejicere
914 1575 952 1604 li-

57 1624 136 1650 ceret
147 1630 185 1650 ex
200 1619 305 1650 eodem
320 1619 444 1650 consilio
458 1619 593 1660 utrique,
604 1629 735 1661 quorum
748 1619 815 1649 loca
830 1620 952 1649 subsor-

56 1662 160 1693 titione
174 1662 309 1703 praetoris
323 1663 526 1704 replebantur.
551 1663 678 1693 Alterua
693 1663 815 1692 conszlia
830 1663 950 1699 rejicere

56 1715 128 1765 erge
141 1711 184 1737 est
203 1705 284 1736 idem
307 1716 342 1737 ac
361 1706 482 1737 altevius
501 1707 624 1747 rejicere
639 1706 780 1778 consgia:
805 1710 841 1735 ut
857 1704 948 1736 Vcrr.

668 1757 690 1779 F
