1137 1848
323 71 474 104 INDEX
499 71 784 104 HISTORICUS.
933 68 995 98 355

146 158 395 198 sardanapalus,
414 159 482 189 Fin.
500 158 546 196 II,
564 163 615 190 32.
632 158 725 188 Tusc.
743 157 784 195 Q.
797 155 840 192 V,
855 155 907 186 35.
924 154 988 195 epi-

103 211 246 242 gramma
261 201 291 231 in
305 202 440 242 sepulcro
451 203 516 241 ejus
526 202 602 232 ridet
612 201 798 231 Aristoteles.
814 199 863 229 De
874 208 908 228 eo
921 207 991 237 rege

103 244 222 273 erudita
244 250 288 274 est
311 245 475 285 disputatio
498 245 626 276 Buherii
650 244 688 274 ad
712 244 763 273 fin.
790 248 931 272 notarum
954 240 987 270 in

106 286 202 316 Tusc.

148 331 320 368 Sarpedon,
337 330 412 360 Div.
432 330 477 366 II,
497 331 545 361 10.
562 331 642 360 filius
657 330 755 360 Jovis.

146 374 297 411 Saserna,
320 373 401 403 Phil.
425 373 525 410 XIII,
552 377 599 404 13.
618 373 732 403 amicus
756 370 894 401 Antonii.
919 369 988 399 Att.

102 415 179 451 XV,
197 419 226 444 2.
243 426 313 446 cum
336 416 436 446 Matio
452 423 480 447 et
497 416 654 447 Postumio
668 415 755 445 ludos
778 419 928 455 procurat,
950 413 988 442 ab

104 458 233 488 Octavio
249 459 413 497 institutos,
430 459 460 489 in
477 460 622 489 honorem
639 458 774 489 Caesaris.

148 502 266 538 Sassia,
279 502 402 532 Cluent.
415 504 444 531 5.
461 508 558 532 mater
573 501 716 532 Cluentii.

146 546 283 581 Satrius,
295 545 334 574 ad
345 544 435 575 Brut.
450 546 479 575 6.
495 545 612 586 legatus
624 545 658 575 C.
673 543 829 574 Trebonii.

147 588 274 616 Satrius
291 588 457 617 Caninius.
483 588 550 618 Att.
577 587 604 625 Ι,
630 590 656 617 Ι.
681 587 880 617 casaubonus
903 589 992 625 putat

104 639 167 659 esse
190 630 323 670 equitem
351 631 482 660 Roman.
510 632 607 670 cujus,
635 630 666 659 in
693 630 795 660 libello
822 629 871 658 De
893 627 992 658 Claris

107 672 334 709 Grammaticis,
365 673 527 703 Suetonius
556 674 741 703 mentionem
772 672 852 702 facit.
887 670 993 702 Cicero

106 725 177 745 eum
200 715 333 756 appellat
355 715 478 746 fratrem
501 716 536 745 P.
562 716 655 746 Varii.
679 716 865 755 Corruptum
890 714 992 744 locum

104 763 213 798 putant
228 768 300 788 cum
311 758 374 797 alii,
387 764 453 788 tum
470 759 607 800 Langius
620 759 658 789 ad
676 758 739 790 Cic.
762 758 800 788 de
814 757 905 788 Offic.
924 755 989 791 ΙΙΙ,

150 844 198 873 ss!-
215 845 352 882 Satrz'us,
368 844 405 875 de
420 844 510 875 Offic.
526 844 591 883 III,
611 846 659 875 18.
685 844 734 875 M.
748 843 881 874 Minucii
896 841 994 873 Basili

108 887 216 917 sororis
229 887 322 923 filius,
334 893 363 917 et
375 888 480 918 haeres.

152 931 352 967 Saturnalia,
376 931 443 961 Cat.
461 930 525 969 ΙΙΙ,
543 933 572 960 4.
594 930 662 962 Att.
678 931 722 968 V,
739 934 790 960 20.
818 928 918 966 XIII,
942 931 994 958 52.

108 972 256 1003 sollennia
269 973 301 1002 in
322 974 501 1004 memoriam
521 984 619 1004 aureae
642 973 737 1004 aetatis
752 974 899 1003 celebrata
920 982 946 1001 a.
964 971 995 1001 d.

108 1016 193 1046 XIV
205 1016 272 1046 Cal.
286 1016 309 1046 J
312 1026 361 1046 an.
373 1017 545 1046 Saturnalia
560 1017 690 1047 secunda
705 1022 734 1046 et
754 1016 852 1051 tertia,
869 1025 941 1055 cape
956 1014 994 1044 de

110 1059 159 1088 die
171 1058 301 1089 secundo
313 1064 342 1089 et
351 1059 438 1089 tertio
450 1060 702 1091 saturnaliorum.
722 1059 796 1089 Vid.
812 1060 946 1089 Gronov.
956 1056 995 1087 ad

112 1101 181 1132 Liv.
198 1102 309 1138 XXX,
326 1102 378 1131 36.

154 1146 211 1174 Cn.
228 1146 429 1181 Saturninus,
448 1144 553 1176 Plane.
569 1147 600 1175 8.
624 1151 654 1176 et
674 1146 722 1175 12.
739 1144 892 1175 laudatur.
916 1143 995 1182 Ejus

110 1193 195 1228 pater
209 1187 326 1228 primus
341 1198 379 1217 ex
394 1188 515 1218 Atinati
535 1188 701 1229 municipio
725 1187 819 1218 aedilis
837 1193 867 1217 et
886 1192 996 1227 praetor

111 1230 208 1260 factus
224 1236 276 1260 est.
293 1229 331 1260 ad
348 1230 421 1261 Div.
432 1231 533 1267 VIII,
553 1232 601 1261 14.
618 1237 803 1261 accusatura
815 1230 873 1260 Cn.
886 1229 997 1259 Domi-

110 1273 164 1309 tio,
181 1273 264 1309 XII,
280 1274 330 1303 26.
347 1273 442 1304 haeres
459 1274 500 1311 Q.
516 1274 617 1304 Turn.

144 1316 184 1346 L.
193 1317 391 1353 Saturninus,
402 1317 439 1346 de
452 1316 528 1346 Har.
540 1317 632 1357 Resp.
647 1320 698 1347 20.
711 1317 794 1346 Sext.
808 1316 856 1350 17.
867 1321 1000 1356 quaestor

114 1358 275 1395 Ostiensis,
294 1359 325 1388 in
341 1368 468 1389 annonae
483 1359 604 1389 caritate
620 1370 637 1388 a
654 1359 862 1400 procuratione
877 1359 919 1388 rei
933 1358 1000 1388 fru-

112 1401 269 1431 mentaliae
284 1407 451 1438 amovetur,
468 1407 497 1431 et
511 1408 668 1442 propterea
682 1402 835 1442 popularis
847 1402 890 1431 fit.
907 1401 1000 1432 Catil.

115 1443 174 1478 IV,
190 1445 221 1473 2.
237 1444 272 1473 C.
288 1444 476 1474 Memmium
497 1443 646 1474 interficit.
663 1446 746 1474 Sext.
763 1445 813 1479 47.
834 1455 852 1474 a
867 1444 907 1482 Q.
928 1444 1000 1473 Me-

115 1487 187 1517 tello
208 1496 328 1516 censore
351 1492 482 1516 notatur.
506 1486 598 1516 Dom.
619 1490 671 1516 81.
691 1487 732 1524 Q.
754 1487 916 1517 Metellum
932 1487 999 1526 lege

117 1540 154 1559 ex
170 1530 255 1559 Urbe
271 1529 359 1568 ejicit.
376 1529 482 1559 Rabir.
495 1530 583 1559 Perd.
598 1530 628 1560 3.
647 1531 676 1560 6.
697 1531 761 1569 ejus
773 1531 878 1566 candes,
891 1530 929 1559 de
941 1528 1002 1569 qua

117 1578 181 1602 tota
196 1572 290 1602 oratio
309 1572 446 1612 legenda.
467 1582 492 1602 c.
513 1575 562 1602 11.
582 1583 600 1602 a
617 1583 700 1603 servo
721 1573 906 1603 interficitur.
934 1572 1002 1602 Ha-

119 1625 202 1654 rusp.
220 1615 312 1655 Resp.
330 1615 368 1644 ad
382 1615 456 1644 Her.
474 1614 501 1651 Ι,
517 1618 564 1644 12.
579 1616 611 1645 it.
628 1615 686 1654 IV,
703 1618 754 1646 22.
772 1617 828 1646 &c-

161 1659 331 1693 Saturnus,
350 1658 423 1687 Nat.
441 1656 484 1687 D.
506 1657 571 1695 ΙΙΙ,
588 1662 640 1689 24.
661 1659 853 1699 etymologia.
876 1657 922 1695 ΙΙ,
948 1661 999 1687 20.

121 1701 174 1730 46.
184 1700 280 1730 stella.
294 1699 359 1736 ΙΙΙ,
373 1701 421 1735 17.
438 1700 475 1730 ad
485 1701 682 1732 Occidentem
694 1702 829 1734 maxime
838 1702 937 1733 cultus
949 1706 1002 1731 est.

122 1743 191 1783 111,
207 1746 260 1775 24.
275 1743 404 1775 vincitur
418 1754 437 1774 a
450 1743 530 1775 Jove
543 1744 615 1775 filio.
