1137 1848
243 82 391 117 INDEX
415 85 785 118 GEOGRAPHICUS.
916 90 955 117 83)

112 170 290 209 Illyricum,
307 172 396 202 Man.
423 174 473 210 12,
495 172 578 213 regio
591 173 669 203 mari
690 173 844 203 Adriatico
868 174 955 213 adja-

72 222 152 250 cens,
170 212 268 244 Italiae
282 216 426 256 opposita.

113 257 356 294 Imaclzarensz's,
372 258 403 288 in
419 259 506 289 Verr.
524 257 585 296 IV,
602 259 654 296 42,
676 260 714 289 ab
731 259 914 295 Imachara
932 271 955 289 s,

72 298 240 337 Maeliani,
257 306 291 330 ut
311 301 382 331 MS.
406 301 699 342 Huydecoperianus
724 302 826 338 habet,
849 303 958 333 Sicilia·

70 341 194 382 oppido,
214 343 375 373 Herbitam
391 354 502 374 versus.

72 425 93 456 h
111 386 271 456 ζῃαίῃὶηἱ,
288 387 326 416 ad
341 386 414 417 Div.
432 386 494 423 XI,
519 387 550 425 4,
567 387 684 428 populi,
701 387 755 428 qui
775 387 806 417 in
822 387 958 428 Alpibus

94 437 111 457 a
133 434 218 457 itant.

114 471 229 508 Induit,
245 471 283 502 de
298 472 372 503 Nat.
389 473 481 503 Deor.
498 471 546 510 II,
563 475 615 511 52,
632 472 742 503 fluvius
757 473 788 502 in
806 473 905 503 India.

114 514 271 552 Insubres,
287 525 342 555 pro
353 516 445 545 Balb.
462 516 512 552 14,
528 516 635 556 populi
650 515 759 546 Galliae
769 516 957 556 Cispadanae.

114 557 329 596 Intemelium,
346 558 384 588 ad
400 558 471 588 Div.
488 557 587 597 VIII,
605 561 657 597 14,
674 561 746 590 urbs
762 559 835 589 citra
850 559 956 599 Alpes,

72 599 152 630 Plin.
170 600 236 638 III,
254 602 283 630 5.

115 644 320 681 Interanznae,
345 654 367 674 s.
392 646 590 683 Interam-na,
614 644 696 686 quod
711 650 755 675 est
772 655 820 686 ap.
837 644 862 675 F
865 644 958 674 ronti-

70 695 158 723 num,
175 687 246 716 urbs
261 686 408 716 Umbriae.

113 728 222 765 Iunia,
237 729 318 769 regio
334 729 416 759 Asiae
431 730 572 761 Minoris.

115 773 137 801 I
138 771 246 801 &nium
258 783 354 810 mare,
366 771 403 801 de
419 772 506 803 Orat.
520 772 587 811 111,
607 773 657 811 19,
670 778 714 803 est
725 782 808 802 mare
823 771 958 803 Adriati-

68 823 143 844 cum
156 825 164 844 ε
189 821 275 844 vocat
283 815 365 845 enim
377 816 541 855 Superum,
558 823 587 846 et
595 816 720 856 opponit
734 814 853 855 Infero.
869 816 958 845 Alias

72 857 114 887 sic
139 857 248 887 dicitur
271 867 355 888 mare
380 868 469 888 omne
494 859 572 889 inter
596 858 730 897 Italiam,
756 858 903 896 Siciliam,
929 865 957 888 et

70 899 232 929 Graeciam.

114 944 247 982 Irpinus
261 942 387 981 fundus,
405 943 480 984 Agr.
498 943 562 983 III,
580 945 611 980 2,
627 944 666 974 al.
683 944 853 982 Hirpinus.

112 987 236 1023 Isauri,
249 986 288 1015 ad
303 985 375 1016 Div.
392 986 469 1025 XV,
483 988 514 1025 2,
527 986 633 1028 populi
649 987 784 1017 Isauriae.

112 1030 289 1067 Isauricus,
314 1029 353 1059 ad
376 1029 442 1059 Att.
468 1030 510 1068 V,
532 1031 585 1067 21,
605 1031 642 1059 ab
666 1028 808 1067 Isaurici,
830 1040 899 1070 quae
914 1035 955 1059 est

68 1071 154 1112 *regio
168 1072 323 1111 interjecta
337 1072 470 1110 Pisidiae,
488 1073 690 1114 Pamphyljae,
705 1072 830 1110 Ciliciae,
847 1079 876 1102 et
892 1072 956 1113 Ly-

69 1124 191 1145 caonlae.

114 1159 220 1196 Isara,
247 1157 285 1188 ad
311 1156 383 1188 Div.
405 1157 448 1195 X,
471 1158 521 1196 15,
540 1158 654 1188 flumen
676 1157 786 1188 Ganiae
813 1157 957 1188 Transal-

93 1210 160 1230 mae.

71 1211 92 1242 p
116 1245 214 1281 Issus,
239 1243 277 1273 ad
302 1243 367 1273 Att.
390 1243 432 1281 V,
454 1245 506 1282 20,
528 1245 601 1275 urbs
617 1243 730 1274 Ciliciae
753 1243 791 1273 ad
807 1243 954 1273 Pinarum

75 1296 197 1317 amnem
218 1292 246 1317 et
269 1286 370 1317 sinum
389 1286 529 1325 Issicum,
550 1287 604 1328 qui
618 1288 656 1317 ab
675 1286 741 1327 ips&
756 1287 831 1316 mbe
846 1296 956 1316 nomen

74 1330 154 1359 tuh't.

116 1373 226 1409 Italia,
244 1372 318 1412 Agr.
338 1371 386 1409 II,
403 1373 456 1409 25,
469 1372 626 1413 angustius
641 1371 749 1402 dicitur
764 1377 794 1402 et
803 1371 957 1412 antiquius

70 1415 109 1446 de
128 1415 228 1445 Latio.

115 1459 241 1495 Ithaca,
257 1457 356 1488 insula
370 1457 489 1498 Ulyssis
504 1457 542 1487 ad
558 1457 742 1489 Leucadiam
755 1457 956 1498 paeninsulam

71 1501 103 1530 in
117 1501 195 1530 mari
211 1500 299 1530 Itinio
314 1500 379 1530 sita.

115 1545 240 1584 Itlzyrez‘
262 1548 292 1573 et
315 1544 442 1579 Itnraez',
468 1543 549 1573 Phil.
574 1543 676 1580 XIII,
703 1544 735 1582 8,
757 1549 828 1573 sunt
851 1542 957 1583 populi

70 1586 178 1626 Syriae,
194 1586 265 1617 ariis
280 1586 440 1626 sagittariae
455 1586 556 1626 periti,
571 1596 608 1617 ex
621 1586 731 1627 quibus
743 1585 828 1621 servi,
843 1585 958 1626 gladia-

71 1635 161 1667 torffl,
178 1630 234 1659 ἃς.

115 1673 270 1709 Juturna,
289 1671 411 1702 Cluent.
427 1671 480 1709 36,
494 1671 578 1702 lacus
593 1671 640 1703 vel
654 1671 722 1702 fons
733 1672 764 1701 in
777 1671 868 1702 Italia
879 1671 958 1701 salu-

71 1715 124 1744 ber
147 1715 237 1754 juxta
258 1713 429 1744 Numicum
454 1724 587 1751 amnem,
611 1725 629 1745 a
649 1714 786 1744 Juturniz
809 1714 959 1755 nymphia,

71 1756 107 1787 de
123 1757 184 1797 qua
199 1763 242 1788 est
259 1768 307 1797 ap.
331 1756 497 1797 Virgilium
514 1757 545 1787 in
562 1757 693 1788 AEne'ide
708 1757 826 1787 ultima.

689 1809 701 1829 1
719 1801 738 1829 3
