1122 1868
145 33 187 68 70
317 36 466 68 INDEX
491 38 857 72 GEOGRAPHICUS.

140 119 351 153 Formianum.
385 123 578 163 Casaubono,
604 126 636 156 h.
652 125 674 156 L
696 131 726 156 et
740 136 787 167 ep.
811 127 845 161 4,
871 124 1029 157 videba'tur

141 162 242 193 Caieta
256 175 311 205 pro
326 166 478 197 Ciceronis
494 168 658 199 Formiano
679 169 748 199 diei.
781 168 871 199 Nihil
893 179 980 209 opuS,
1003 168 1030 199 si

138 205 241 236 locum
252 207 426 249 inspexeris.
449 210 599 251 Exposita
609 211 681 242 djcit
696 211 822 252 signain
833 218 923 252 portu
940 210 1031 242 Caie-

140 252 222 287 tano,
239 260 330 292 seque
354 251 531 292 missurum,
553 255 606 295 qui
626 265 681 295 pro
698 254 824 286 vectura
845 254 983 293 solveret,
1000 258 1031 284 et

140 291 272 323 auferret
286 294 382 335 signa.

185 335 280 374 cutes,
296 338 334 368 ad
350 339 415 369 Att.
439 339 521 379 VII,
540 340 591 379 14,
607 339 756 381 oppidum
772 339 1028 371 mediterraneum

143 376 331 420 Campaniae.

142 462 163 493 d
186 421 327 453 catenum
350 425 564 466 municipium,
579 426 693 467 Agrar.
709 425 760 465 ΙΙ,
775 426 829 464 31,
845 425 927 456 idem
941 424 1030 466 oppi-

165 473 228 494 um.

142 549 168 580 C
185 506 324 580 falenus,
344 511 383 541 ad
407 510 476 542 Att.
504 511 606 550 VIII,
623 513 654 550 3,
681 511 817 552 intellige
843 521 925 552 ager,
951 510 1034 541 circa

170 560 187 579 a
201 561 240 581 es.

185 595 314 636 Calacta,
340 596 372 627 in
395 597 483 628 Verr.
501 597 562 636 IV,
579 598 632 634 43,
657 598 807 639 oppidum
831 596 942 628 Siciliae
961 602 1032 638 post

141 635 299 669 Halesam.
325 640 416 670 Unde
433 640 591 679 Calue-tini,
607 641 639 671 V
640 651 695 671 err.
711 641 772 676 IV,
790 641 842 671 43.

187 682 312 720 Calatia,
329 683 368 713 ad
382 684 451 714 Att.
468 683 564 721 XVI,
578 685 608 721 6,
626 685 698 714 urbs
715 684 780 725 agri
793 683 954 724 Campani.

185 722 286 764 Calpe,
302 725 341 755 ad
365 726 437 757 Div.
462 726 508 764 X,
533 728 587 765 32,
605 737 694 757 mons
717 727 872 767 praealtus,
889 726 1031 767 Hispano

138 765 219 796 litori
234 767 273 798 ad
287 768 401 799 fretum
422 770 611 800 Gaditanum
631 770 790 809 adjacens:
815 770 853 800 de
867 779 929 810 quo
945 769 1027 799 Plin.

139 808 208 846 ΙΙΙ,
229 811 258 840 l.
278 812 332 842 Ad
347 812 378 842 id
393 812 452 842 fuit
466 814 550 849 urbs,
572 813 707 853 ejusdem
721 812 864 849 nominis,
881 816 942 849 (ut,
959 821 1031 842 con-

139 857 186 881 tra
201 853 345 885 Bochart.
367 854 479 896 Geogr.
495 856 526 886 S.
544 856 582 886 L.
602 857 632 894 I,
648 866 673 886 c.
689 857 743 892 34,
759 855 890 886 ostendit
904 855 1030 885 Wesse.

139 894 214 935 ling.
228 896 267 926 ad
282 897 354 928 Itin.
367 898 444 929 Ani.
456 909 486 939 p.
502 900 579 936 406)
591 910 661 939 quae
675 899 784 930 dicitur
795 898 914 929 Carteia
925 897 1026 935 hodie,

139 943 175 968 ut
189 938 275 970 docet
284 941 386 972 Vales.
401 942 440 972 ad
455 942 532 972 Exc.
551 942 678 972 Peiresc.
696 953 727 983 p.
739 943 790 978 72.

184 983 383 1023 Camerinum,
399 984 438 1015 ad
458 985 527 1015 Att.
545 985 646 1021 VIII,
668 989 716 1021 12,
730 984 878 1026 oppidum
893 983 925 1013 in
939 992 1029 1013 mon-

139 1023 222 1055 tibus
245 1026 299 1067 qm'
315 1027 463 1058 Picenum
478 1029 517 1058 ab
532 1028 664 1059 Umbri&
679 1028 837 1058 dirimunt.
863 1027 912 1057 De
930 1025 1028 1056 varia-

139 1067 284 1107 tionibus,
301 1081 370 1110 quae
384 1070 415 1100 in
430 1071 487 1101 hoe
498 1070 621 1100 nomine
629 1076 790 1101 occurrunt
801 1081 848 1111 ap.
862 1076 986 1107 veteres,
999 1079 1029 1099 v.

141 1109 236 1141 Goesfi
248 1111 315 1142 Ind.
334 1113 444 1153 Geogr.
457 1113 488 1143 in
504 1114 567 1143 Ser.
584 1113 625 1143 R.
643 1114 683 1144 A.

184 1155 299 1185 Camers
318 1166 400 1195 ager,
418 1166 473 1197 pro
488 1156 566 1187 Suu.
586 1159 635 1194 19,
652 1157 731 1187 circa
752 1155 901 1197 oppidum
917 1154 1028 1186 Came-

141 1205 255 1228 nnum-

185 1239 379 1276 Camertium,
402 1252 458 1282 pro
484 1242 574 1273 Corn.
591 1243 682 1274 Balb.
704 1246 765 1273 20:
789 1242 844 1273 ubi
865 1247 909 1272 est
920 1240 1028 1283 foedus

139 1282 346 1322 Camertinum,
362 1285 400 1315 de
415 1295 476 1325 quo
491 1296 519 1315 v.
537 1285 606 1316 Liv.
623 1286 684 1324 IX,
701 1286 753 1316 36.

184 1325 343 1365 Candavia,
359 1327 398 1357 ad
421 1328 489 1358 Att.
507 1327 572 1365 III,
590 1330 620 1365 7,
640 1329 722 1370 regio
736 1327 893 1358 montibus
909 1337 1025 1368 aspera,

139 1379 210 1409 quae
230 1371 268 1400 ab
290 1371 425 1401 extrem&
440 1371 537 1412 Epiro
556 1371 595 1402 ad
610 1371 826 1402 Macedoniam
847 1380 944 1412 usque
957 1380 1027 1411 per-

138 1411 262 1443 tinebat·

183 1455 302 1490 Canum,
330 1456 422 1487 Tusc.
449 1456 511 1494 Qu.
536 1456 564 1494 I,
590 1459 643 1495 37,
670 1458 754 1488 vicus
776 1456 914 1498 Apuliae,
941 1455 1026 1486 clade

140 1497 232 1527 Rom.
248 1500 328 1529 bello
341 1500 457 1529 Punico
474 1501 509 1530 ΙΙ
526 1501 711 1531 nobilitatus.

183 1540 355 1578 Canusium,
372 1543 410 1572 ad
425 1544 493 1572 Att.
515 1544 616 1581 VIII,
637 1547 686 1582 11,
703 1544 775 1574 urbs
791 1542 923 1583 Apuliae,
942 1541 1026 1573 unde

141 1583 323 1622 Canusinus,
336 1585 375 1616 ad
386 1586 455 1615 Att.
473 1585 500 1622 Ι,
522 1590 567 1616 13.

181 1629 299 1667 Capena
321 1634 403 1667 porta
423 1628 576 1666 Romana,
599 1639 618 1659 a
632 1627 692 1669 qua
707 1628 757 1659 via
769 1628 876 1669 Appia
892 1626 1024 1658 duceba-

139 1678 207 1701 tur:
231 1670 270 1701 ad
285 1671 352 1701 Att.
368 1671 428 1708 lv,
448 1674 474 1701 l.
499 1671 596 1711 Origo
612 1672 742 1702 nominis
757 1671 850 1701 dubia
865 1675 918 1700 est.

182 1715 323 1753 Capenas,
334 1715 372 1744 ad
388 1714 460 1744 Div.
479 1714 541 1749 IX,
560 1718 610 1749 17,
628 1714 706 1754 Agr.
723 1714 769 1751 II,
787 1717 840 1750 26,
857 1724 875 1743 a
891 1713 1023 1752 capena,
