1122 1868
117 78 188 111 *286
336 78 484 110 INDEX
507 78 793 113 HISTORICUS.

123 165 266 196 habuere.
298 163 472 205 Pinguntur
497 165 628 202 Marcii;
660 165 682 196 ii
704 165 850 207 quoniam
880 166 1003 206 Regum

124 217 291 248 cognomen
305 207 428 246 habent,
444 207 531 238 facile
544 209 642 248 Reges
656 209 687 239 in
703 215 837 239 mentem
851 210 986 240 veniunt.

169 251 296 289 Marcii,
314 250 420 280 Divin.
438 250 465 287 Ι,
481 253 531 281 40.
549 253 599 281 50.
616 252 732 291 fratres,
749 258 819 282 sunt
833 263 962 293 augures
978 258 1007 283 et

125 300 217 325 vates.
240 293 281 323 V.
308 293 411 323 Davis.
439 294 508 324 Liv.
536 294 647 334 XXV,
675 298 725 325 12.
750 305 849 325 unum
875 295 957 334 facit,
978 302 1008 326 et

125 337 264 368 Maerob.
280 336 342 366 Sat.
359 336 387 373 Ι,
404 336 452 371 17.

166 381 207 410 L.
221 380 361 410 Itiarcius
378 380 554 418 Philippus,
572 379 664 411 Corn.
677 379 706 416 Ι,
723 380 827 411 consul
840 390 910 411 cum
923 380 1008 411 Sext.

127 422 225 454 Julio.
247 424 290 452 A.
309 423 381 451 662.
406 422 493 452 Verr.
510 422 559 461 II,
580 426 630 454 55.
647 433 750 454 censor
773 432 843 454 cum
870 423 919 453 M.
936 424 1011 454 Per-

127 466 233 507 per-niz,
249 465 291 494 A.
309 465 381 499 667.

169 509 208 538 L.
223 509 370 538 Effare-ius
395 509 591 539 Censorinus.
622 508 712 539 Brut.
740 511 789 540 15.
813 509 917 539 consul
937 519 1008 540 cum

125 550 176 581 Μ’
192 551 333 588 Manilio,
357 549 398 580 A.
414 552 485 580 604.

169 595 209 624 L.
225 595 386 629 „Marciis
402 594 492 623 Balb.
513 595 560 624 15.
585 593 677 634 primi
698 593 753 634 pili
779 593 926 632 centuriO,
953 594 1008 635 qui

123 647 195 668 cum
212 636 370 666 Gaditanis
386 636 480 666 foedus
495 637 601 676 populi
617 637 750 666 Romani
759 636 839 674 fecit,
855 637 1009 667 exstinctis

124 680 157 710 in
174 679 324 719 Hispani&
346 677 404 710 Cn.
431 685 460 710 et
476 679 513 709 P.
535 679 745 720 Scipionibus:
769 679 850 709 unde
878 679 1010 710 Marcia-

124 732 202 753 num
216 722 325 758 foedus,
342 732 366 751 c.
381 722 428 756 l7.
453 721 502 751 De
514 732 548 752 eo
563 723 622 752 vid.
640 722 709 753 Liv.
726 721 838 759 XXV,
855 723 906 758 37.

168 766 209 795 L.
226 765 381 803 Itsarcz'us,
399 764 469 805 Lig.
485 767 533 794 11.
552 775 643 807 eques
659 765 751 796 Rom.
767 765 809 803 Q.
825 764 941 806 Ligarii
956 764 1010 795 ad-

127 814 260 839 vocatus.

172 851 210 886 Q.
226 850 368 880 Rsarcius
385 852 463 880 Rem.
487 850 588 880 Pison.
606 851 636 880 4.
652 850 690 882 L.
707 850 827 881 Metelli
849 851 962 890 coilega
976 850 1009 881 in

123 894 295 931 consulatu,
313 892 353 923 Α.
371 894 443 923 635.
460 892 555 923 Dom.
569 895 619 924 50.
636 904 748 924 censor.
772 893 862 924 Adde
877 893 909 923 in
933 895 1009 923 Rex.

174 938 209 970 Q.
227 937 370 967 Marcius
381 937 555 976 Philippus.
579 937 669 967 Brut.
686 940 737 968 20.
750 937 854 969 consul
868 946 939 967 cum
950 935 1009 968 Cn.

126 979 265 1015 Servilio,
283 980 322 1009 A.
342 981 414 1010 584.

171 1024 207 1057 Q.
226 1023 369 1053 Marcius
391 1024 531 1061 Crispus,
555 1022 618 1053 Pis.
635 1025 686 1053 23.
701 1022 818 1063 legatus
834 1022 872 1052 L.
889 1021 1010 1052 Pisonis

125 1065 158 1097 in
180 1065 370 1096 Macedonia.
394 1066 475 1096 Phil.
492 1065 553 1102 XI,
583 1069 630 1096 12.
654 1065 815 1106 proconsul
838 1065 935 1103 Asiae,
959 1065 1011 1103 ju-

126 1109 216 1139 betur
232 1107 270 1139 C.
287 1109 389 1139 Cassio
404 1108 589 1149 provinciam
602 1114 632 1138 et
647 1108 810 1138 exercitum
826 1107 951 1137 tradere.

168 1152 327 1181 Mariana
350 1161 491 1191 quercus,
515 1151 591 1191 Leg.
609 1151 638 1189 I,
667 1154 692 1180 l.
708 1149 862 1180 dicebatur
877 1160 923 1187 ea,
939 1160 1008 1190 quae

124 1200 188 1224 erat
202 1193 233 1223 in
249 1192 403 1234 Arpinati,
420 1200 449 1224 et
463 1193 500 1224 de
514 1194 577 1234 quir
588 1193 636 1223 M.
654 1192 771 1231 Cicero,
782 1193 815 1222 in
832 1194 854 1211 ‘⁶
871 1192 1009 1233 Mario,''

127 1236 313 1267 mentionem
324 1236 444 1267 fecerat.

167 1280 285 1316 Mario,
301 1279 341 1309 ad
356 1279 427 1309 Div.
445 1277 540 1316 XVI,
558 1281 586 1309 1.
604 1288 705 1309 servus
721 1277 886 1309 Ciceronis.

168 1322 302 1354 Marius
327 1323 503 1359 Calventus,
526 1332 549 1351 s.
568 1322 740 1355 Calz‘enlz'us.
762 1322 803 1359 Q.
820 1321 872 1351 Fr.
889 1320 957 1358 ΙΙΙ,
978 1323 1006 1351 1.

127 1364 158 1394 4.
172 1365 209 1394 Ρ.
227 1364 387 1395 Manutius
403 1365 440 1395 de
456 1364 564 1395 Pisone
578 1364 728 1404 intelligit.
751 1364 818 1394 Alfi
833 1363 1008 1403 conjiciunt,

127 1407 280 1438 Calvenus
303 1408 435 1438 Matius.
458 1408 500 1448 (v.
520 1407 553 1436 in
579 1406 727 1446 Matius.)
749 1407 801 1437 sed
826 1416 887 1437 non
909 1406 1006 1445 video,

124 1460 218 1492 quare
237 1450 354 1481 Matius
369 1457 471 1480 contra
487 1449 664 1481 Ciceronem
677 1450 834 1490 scripserit.

169 1494 306 1531 fllarius,
323 1493 360 1523 de
372 1493 447 1534 Leg.
465 1492 493 1530 Ι,
514 1496 539 1523 1.
556 1492 594 1523 de
612 1492 685 1523 Div.
702 1491 730 1531 1,
745 1493 797 1527 47.
824 1501 944 1522 carmen
959 1491 1010 1523 Μ.

127 1535 168 1566 Τ.
187 1534 349 1566 Ciceronis.

166 1579 311 1615 Μανίαε,
328 1578 418 1608 Rosc.
429 1578 506 1608 Am.
521 1578 573 1608 32.
591 1586 743 1608 accusator
754 1577 833 1608 bello
844 1575 925 1607 civili
936 1577 1008 1608 Sul-

128 1620 199 1652 lano
213 1620 395 1651 interfectus.

166 1663 304 1700 Marius,
320 1663 358 1693 de
370 1663 446 1704 Leg.
463 1662 528 1700 ΙΙΙ,
544 1663 592 1693 16.
616 1662 689 1693 Vid.
708 1663 881 1693 Gratidium

169 1708 202 1737 C.
216 1706 352 1744 Marius,
370 1706 459 1737 Balb.
483 1709 535 1736 20.
553 1705 689 1737 Africani
705 1705 828 1736 minoris
843 1704 1008 1746 discipulus
