1137 1848
351 26 500 71 INDEX
525 40 809 73 ms'romcus.
961 43 1019 78 271

185 124 329 163 Libanus,
347 125 482 156 Herenn.
499 126 558 164 IV,
576 128 626 157 50.
644 136 754 157 nomen
769 127 928 158 comicum.

182 169 345 206 Liberalia,
362 169 425 198 Att.
448 168 505 205 VI,
527 173 551 199 l.
573 169 635 199 dies
659 169 752 200 festus
767 181 794 200 a.
811 170 841 199 d.
857 169 941 199 XVI
957 169 1026 200 Cal.

139 209 240 251 April.
255 221 316 251 quo
331 211 454 251 ingenui
468 212 554 252 pueri
570 218 669 252 togam
681 214 849 243 sumebant.

181 254 323 291 Libertas,
347 254 441 284 Doni.
458 259 509 286 35.
531 255 596 294 ejus
624 260 724 285 statua
739 266 757 285 a
777 255 885 286 Clodio
907 256 938 285 in
954 254 1024 286 area

138 294 289 326 Ciceronis
304 297 400 337 posita
415 303 444 327 et
458 303 635 328 consecrata.

179 339 297 377 Libera,
315 339 402 369 Verr.
417 340 459 376 V,
477 342 526 371 49.
550 340 739 380 Proserpina.

177 382 220 412 L.
239 383 322 421 Libo,
339 393 355 413 e
370 383 542 421 Scriboniis‚
560 382 626 413 Att.
642 382 742 421 XIII,
758 386 809 413 31.
827 386 878 414 32.
890 385 954 423 ejus
965 394 1019 413 an-

135 424 228 454 nales.

178 468 217 497 L.
235 467 317 506 Libo,
334 468 372 498 ad
395 468 468 498 Div.
490 468 517 505 Ι,
538 472 563 499 1.
579 469 662 504 VH,
676 470 706 498 4.
724 468 786 504 XI,
801 470 830 503 7.
856 467 923 499 Att.
940 468 1019 507 VII,

138 512 187 539 12.
201 520 282 540 socer
297 512 379 542 Sext.
393 511 542 552 Pompeii,
560 511 607 541 M.
625 511 660 540 F.
685 510 751 542 Att.
771 511 865 548 XVI,
882 513 912 540 4.

178 554 219 583 L.
241 554 323 592 Libo,
348 555 439 584 Brut.
466 558 518 585 23.
546 554 685 585 tribunus
711 555 753 595 pl.
779 554 964 595 rogationem
988 554 1020 583 in

134 594 197 625 Ser.
211 595 343 626 Galbam
359 597 427 633 fert,
441 604 563 637 propter
578 597 742 627 Lusitanos
753 604 855 627 contra
864 597 1022 636 interposi-

133 642 197 667 tam
211 638 302 668 fidem
327 639 504 669 interfectos.
538 639 610 668 Non
636 639 735 669 infans
755 639 824 677 fuit,
852 645 887 669 ut
902 649 939 668 ex
955 650 1022 669 ora-

134 679 267 711 tionibus
282 682 346 720 ejus
361 681 521 721 colligitur.
544 682 611 711 Att.
634 681 716 718 XII,
734 684 763 711 5.
786 682 897 722 quibus
912 691 1020 711 consu-

133 721 214 753 libus
236 723 315 754 Libo
332 724 463 755 Galbam
488 724 643 753 accusarit.
667 724 764 761 Male,
784 724 876 764 priori
896 725 971 761 loco,
989 723 1020 752 in

133 764 218 795 libris
237 765 268 795 T.
291 776 464 806 praenomen
481 772 533 796 est.
567 766 676 797 Caeteri
700 773 834 796 auctores
855 776 959 796 onmes
975 767 1017 796 L.

132 815 249 838 vocant.
273 808 322 839 De
337 820 368 839 re
381 808 445 849 ipsa
460 820 487 839 v.
501 809 620 838 Duker.
637 809 674 838 ad
685 809 754 838 Liv.
768 809 851 849 Epit.
864 810 914 838 49.
939 809 968 838 V
971 819 1019 838 os-

133 849 178 880 sio
199 850 280 881 idem
305 852 423 882 videtur
447 861 516 881 cuni
541 858 663 881 auctore
683 851 855 881 Annalium
882 851 919 881 de
935 851 1019 881 Hist.

134 892 204 923 Lat.
233 893 260 931 Ι,
283 895 312 924 6.
336 894 395 925 Sed
415 894 528 923 mirum
554 900 608 929 est.
633 894 809 924 Ciceronem
836 903 897 924 non
915 893 1019 924 fecisse

131 945 236 966 eorum
252 937 448 975 mentionem,
462 937 515 966 ubi
530 936 567 966 de
582 937 647 975 ejus
656 936 773 966 dicendi
783 937 897 967 ratione
909 936 1020 975 judici.

131 988 186 1008 um
201 978 266 1009 sert.

175 1022 297 1052 Licinia
319 1023 406 1061 atria,
429 1022 537 1059 Quint.
555 1025 585 1053 3.
609 1021 766 1051 Dicuntur
793 1032 811 1052 a
834 1021 873 1051 L.
899 1021 1017 1052 Licinio

132 1063 251 1103 Crasso,
268 1065 321 1105 qui
337 1075 371 1095 ea
386 1065 417 1094 in
434 1065 575 1095 aedilitate
590 1064 739 1095 exstruxit
758 1070 787 1094 et
810 1064 936 1094 ornavit.
969 1063 1018 1094 Ibi

129 1106 282 1138 auctiones
296 1108 417 1138 habitae.

173 1151 314 1188 Liciniae,
335 1151 424 1181 Brut.
441 1151 493 1180 88.
516 1155 621 1190 neptes
638 1150 675 1180 C.
693 1149 783 1179 Laelii
799 1160 814 1180 e
830 1148 892 1179 filia
905 1149 944 1179 L.
960 1148 1017 1179 Li-

131 1191 209 1222 cinio
224 1193 332 1224 Crasso
347 1193 499 1223 collocata.
524 1192 618 1222 Doni.
637 1194 688 1222 53.
715 1193 805 1222 Brut.
822 1193 873 1222 43.

173 1236 306 1275 Licinio,
322 1235 360 1266 ad
375 1235 448 1266 Div.
470 1234 549 1274 VII,
574 1239 626 1266 23.
660 1236 756 1266 Cassii
778 1245 871 1273 soror,
888 1234 940 1265 sed
954 1244 1015 1265 non

128 1288 282 1319 germana.

178 1321 322 1359 Licinius,
336 1321 391 1352 Or.
405 1320 471 1359 ΙΙΙ,
488 1322 540 1352 60.
556 1330 659 1352 servus
670 1320 807 1351 literatus
819 1320 856 1351 C.
873 1319 1014 1359 Gracchi,

130 1369 198 1405 post
209 1364 300 1394 cliens
314 1364 355 1401 Q.
372 1364 484 1394 Catuli.

173 1407 319 1441 Licinius,
335 1407 406 1436 Mil.
420 1410 471 1437 24.
487 1417 576 1448 popa.

173 1450 321 1486 Licinius,
339 1449 418 1479 Phil.
445 1449 492 1487 ΙΙ,
521 1453 572 1479 23.
598 1449 635 1479 de
660 1448 725 1480 alea
751 1448 980 1487 condemnatus,
996 1459 1014 1479 a

128 1491 177 1523 M.
196 1493 326 1523 Antonio
340 1492 372 1522 in
387 1493 543 1523 tribunatu
559 1492 734 1522 restituitur.

173 1535 317 1573 Licinius,
333 1535 373 1572 Q.
397 1535 448 1565 Fr.
464 1534 510 1572 ΙΙ,
536 1539 561 1565 1.
584 1535 709 1565 libertus
730 1534 854 1575 quidam
870 1539 923 1564 aut
938 1544 1012 1573 neg-

127 1577 246 1615 otiatur,
262 1578 294 1607 in
308 1577 464 1618 provincia
478 1577 565 1608 Asia.
590 1577 719 1608 Videtur
731 1588 792 1608 esse
807 1577 899 1616 idem,
916 1577 968 1618 qui
982 1575 1011 1614 Ι,

128 1624 160 1651 2.
176 1624 206 1650 2.
218 1626 411 1651 memoratur.

171 1664 317 1701 Licinius,
342 1663 383 1702 Q.
404 1663 455 1694 Fr.
476 1663 504 1703 I,
530 1666 559 1695 52.
576 1663 605 1694 4.
638 1663 747 1705 AEsopi
773 1662 925 1695 histrionis
950 1671 1010 1692 ser-

127 1716 191 1737 vus.
