1122 1868
145 67 202 97 162
348 66 497 98 INDEX
520 66 805 98 HISTORICUS.

138 151 273 182 minatus
288 157 341 182 est.
367 152 461 183 Hunc
476 152 601 193 quidam
617 159 734 193 patrem
750 162 961 191 τυραννοκτονου
976 147 1021 180 fa-

141 195 242 225 ciunt:
261 195 350 227 male.
374 196 405 226 N
409 206 446 225 on
466 196 508 226 ita
523 196 560 226 de
576 206 610 226 eo
631 196 669 226 ad
694 195 793 226 filium
815 194 977 235 scripsisset
991 193 1024 223 in

146 238 253 274 Bruto,
267 239 318 267 34.

184 281 231 310 M.
257 282 380 317 Bmcus,
406 281 514 319 Quint.
539 284 588 311 20.
621 281 751 311 Tribun.
767 281 809 322 pl.
833 279 873 310 A.
890 281 930 310 U.
947 279 1023 315 670,

142 323 281 363 Scipione
293 331 321 353 et
338 325 483 354 Norbano
497 325 681 361 consulibus,
698 324 893 354 Hotomanno
909 329 938 353 et
953 322 1025 351 Ma-

142 366 228 396 nutio
244 366 360 396 videtur
375 378 436 397 esse
447 367 495 397 M.
514 367 615 402 Bruti,
633 368 686 407 qui
701 368 849 397 Caesarem
866 365 1024 400 interfecit,

141 414 237 448 pater,
254 420 272 439 a
292 410 348 439 Cn.
366 410 512 449 Pompeio
536 410 615 439 bello
641 410 767 440 Sullano
791 416 922 439 necatus.
945 407 1022 447 Agr.

142 451 188 487 11,
205 453 255 481 33.
280 452 366 482 Trib.
384 453 425 493 pl.
443 453 495 492 qui
514 453 661 483 coloniam
674 453 813 494 Capuam
828 452 904 482 ferre
919 450 1025 481 voluit.

143 493 252 525 Alium
268 494 315 524 M.
336 496 482 531 Brutum,
499 495 537 525 ad
561 506 652 536 quem
668 495 723 525 hoc
746 495 885 531 referam,
902 503 961 523 non
978 503 1025 523 re-

141 537 243 578 perio:
268 547 366 578 neque
386 544 487 568 tamen
514 549 567 578 pro
592 545 670 568 certo
688 538 837 568 affirmare
861 537 970 573 ausim,
988 535 1027 566 ad

142 580 190 610 M.
207 580 297 610 Bruti
318 581 496 621 percussoris
513 581 638 611 Caesaris
662 588 780 621 patrem
803 580 951 620 pertinere
975 578 1028 608 de-

141 622 286 653 ducendae
324 623 448 653 coloniae
482 623 650 653 consilium.
702 624 854 653 Caeterum
883 621 1029 652 consentit

142 676 214 696 cum
234 675 279 701 eo,
305 666 387 706 quod
415 666 519 696 Cicero
540 666 623 701 dicit,
643 666 746 696 mirari
771 676 813 701 se,
839 675 891 694 cur
916 664 1030 694 Rullus

144 709 209 747 ejus
227 708 316 738 Bruti
341 709 457 738 exitum
473 719 533 738 non
549 708 760 749 perhorrescat.
796 707 883 738 Idem
907 716 1028 737 mecum

144 751 252 781 sentire
281 757 384 791 postea
408 751 469 782 vidi
500 751 697 781 Mazochium
727 751 764 782 de
794 750 1031 790 Amphitheatro

145 794 253 834 Camp.
268 804 298 834 p.
314 796 344 825 9.
368 794 421 834 qui
444 794 594 834 imprimis
617 793 654 824 de
671 794 728 824 hoc
753 795 851 824 Bruto
875 793 1031 823 videndus.

145 836 215 873 Sed,
233 836 314 877 quod
335 847 405 867 eum
429 843 518 877 negat
544 837 701 867 tribunum
727 837 806 877 pleb.
828 835 930 872 fuisse,
947 836 1029 876 quod

145 879 320 915 Turnebus,
346 879 384 909 ad
409 880 430 910 1.
446 890 470 909 c.
494 880 558 910 sine
581 885 700 910 auctore
720 880 848 915 dixerat,
873 879 946 919 quia
967 889 1029 910 non

144 922 310 962 probabile,
324 923 447 957 Brutos,
464 923 517 963 qui
533 933 628 963 genus
640 933 757 952 suuma
773 923 810 952 1..
827 922 925 952 Bruto
936 922 1030 962 patri-

145 965 191 995 cio
206 964 275 995 duci
288 966 408 1002 vellent,
422 965 557 996 tribunos
572 966 636 996 fieri
652 965 789 1002 voluisse,
806 974 867 1005 quo
882 974 949 994 eam
963 975 1028 995 rem

144 1007 323 1038 refutassent
334 1008 403 1049 ipsi,
416 1008 447 1039 id
462 1008 550 1038 11111111
565 1016 619 1047 est,
633 1015 667 1039 ut
676 1014 759 1049 patet
770 1008 862 1038 eloco
875 1006 1028 1039 Ciceronis

146 1060 201 1091 pro
217 1050 355 1088 Quintio.

188 1094 235 1122 M.
256 1093 379 1131 Brutus,
405 1094 486 1124 Phil.
502 1093 529 1130 I,
545 1095 575 1124 3.
600 1094 679 1133 E’jus
699 1099 729 1124 et
745 1092 841 1125 Cassii
864 1098 1028 1133 praetorum

144 1135 276 1166 edictum
300 1143 368 1176 post
388 1136 499 1167 caedem
526 1136 663 1167 Caesaris.
687 1147 752 1177 cap.
771 1138 801 1166 4.
832 1137 916 1167 Urbe
938 1137 1027 1167 cedit.

145 1179 228 1208 Phil.
249 1178 294 1216 11,
315 1182 363 1209 12.
388 1179 543 1210 interfecto
566 1180 694 1218 Caesare,
717 1179 882 1220 pugionem
905 1181 1026 1217 extulit,

146 1227 176 1251 et
194 1221 369 1252 Ciceronem
393 1223 573 1252 nominatim
600 1223 785 1257 inclamavit,
811 1222 891 1252 Phil.
912 1221 958 1260 11,
978 1226 1028 1254 14.

144 1264 171 1293 ei
183 1264 335 1304 provincia
350 1265 439 1295 datur
452 1271 520 1306 post
534 1265 645 1295 caedem
662 1265 797 1301 Caesaris,
815 1272 844 1294 et
858 1272 1028 1306 quaestores.

144 1306 184 1336 ad
209 1307 282 1337 Div.
310 1307 374 1345 ΙΙΙ,
391 1311 420 1338 4.
444 1319 535 1348 gener
561 1308 620 1338 Cn.
645 1308 785 1348 Pompeii
809 1307 857 1337 M.
881 1307 939 1346 VI,
961 1311 991 1340 6.
1010 1320 1029 1340 a

147 1348 266 1379 Caesare
282 1350 390 1380 Gauiae
404 1351 576 1391 praeficitur.
603 1350 683 1389 XII,
707 1352 755 1381 15.
774 1349 874 1389 XIII,
894 1353 943 1382 10.
961 1353 1028 1386 Att.

148 1391 229 1426 XII,
243 1394 271 1421 5.
289 1393 441 1433 epitomen
458 1394 648 1424 Fannianam
668 1394 794 1435 scripsit,
810 1394 833 1424 i.
849 1405 875 1425 e.
899 1396 1031 1428 historiae

148 1444 167 1464 a
187 1435 305 1464 Fannio
331 1437 457 1476 scriptae.
479 1436 576 1473 XIII,
594 1439 622 1466 8.
645 1438 709 1476 ejus
729 1437 858 1477 epitome
882 1438 1031 1470 Coeliano-

147 1487 228 1507 rum.
264 1478 358 1508 Acad.
385 1478 412 1514 I,
434 1481 464 1509 3.
490 1480 527 1510 de
551 1480 741 1520 philosophia
767 1480 877 1511 Latine
900 1481 1028 1522 scripsit.

147 1519 263 1549 audivit
288 1519 417 1551 Athenis
440 1522 589 1552 Aristum.
615 1522 683 1552 Fin.
703 1522 730 1560 I,
747 1526 778 1553 3.
804 1523 896 1554 Liber
910 1525 948 1555 de
970 1526 1030 1556 vir-

148 1562 264 1592 tutibus
279 1563 317 1593 ad
334 1563 382 1593 M.
399 1564 549 1596 Tullium.
573 1564 666 1596 Tusc.
683 1566 745 1604 Qu.
763 1565 804 1604 V,
819 1569 845 1596 l.
856 1568 920 1606 ejus
935 1578 1031 1599 avun-

151 1605 237 1635 culus
253 1612 297 1635 est
315 1605 392 1637 Cato
408 1607 565 1639 Uticensis.

196 1647 234 1683 Q.
248 1649 340 1686 Caepio
357 1650 481 1687 Brutus,
499 1651 579 1681 Phil.
597 1651 640 1690 X,
657 1655 705 1682 ll.
724 1658 768 1683 est
781 1652 863 1683 idem
879 1653 930 1684 M.
946 1654 1028 1686 Bru-

148 1696 208 1726 tus,
236 1691 289 1731 qui
312 1692 355 1721 ita
378 1692 498 1734 dicitur,
516 1694 597 1735 quod
621 1705 639 1726 a
660 1695 763 1726 matris
781 1696 914 1727 Serviliae
938 1697 1028 1730 fratre

154 1732 313 1775 adoptatus
329 1741 400 1766 erat.
