<?xml version="1.0" encoding="UTF-8"?>
<!DOCTYPE html PUBLIC "-//W3C//DTD XHTML 1.0 Transitional//EN"
    "http://www.w3.org/TR/xhtml1/DTD/xhtml1-transitional.dtd">
<html xmlns="http://www.w3.org/1999/xhtml" xml:lang="en" lang="en">
 <head>
  <title>
</title>
<meta http-equiv="Content-Type" content="text/html;charset=utf-8" />
  <meta name='ocr-system' content='tesseract 3.04.00' />
  <meta name='ocr-capabilities' content='ocr_page ocr_carea ocr_par ocr_line ocrx_word'/>
</head>
<body>
  <div class='ocr_page' id='page_1' title='image "./operaern12ciceuoft_0438.png"; bbox 0 0 1122 1868; ppageno 0'>
   <div class='ocr_carea' id='block_1_1' title="bbox 180 108 921 142">
    <p class='ocr_par' dir='ltr' id='par_1_1' title="bbox 180 108 921 142">
     <span class='ocr_line' id='line_1_1' title="bbox 180 108 921 142; baseline 0.001 -3"><span class='ocrx_word' id='word_1_1' title='bbox 180 110 243 139; x_wconf 79' lang='lat'>426</span> <span class='ocrx_word' id='word_1_2' title='bbox 346 108 496 140; x_wconf 90' lang='lat' dir='ltr'>INDEX</span> <span class='ocrx_word' id='word_1_3' title='bbox 523 108 921 142; x_wconf 82' lang='lat' dir='ltr'><strong>GRAE00-LAT1NUS.</strong></span> 
     </span>
    </p>
   </div>
   <div class='ocr_carea' id='block_1_2' title="bbox 148 195 1058 1736">
    <p class='ocr_par' dir='ltr' id='par_1_2' title="bbox 173 195 1058 279">
     <span class='ocr_line' id='line_1_2' title="bbox 173 195 1058 238; baseline 0.003 -13"><span class='ocrx_word' id='word_1_4' title='bbox 173 197 222 225; x_wconf 81' lang='lat'>5‘2.</span> <span class='ocrx_word' id='word_1_5' title='bbox 247 195 296 226; x_wconf 85' lang='lat' dir='ltr'>Sic</span> <span class='ocrx_word' id='word_1_6' title='bbox 311 195 445 236; x_wconf 84' lang='lat' dir='ltr'>appellat</span> <span class='ocrx_word' id='word_1_7' title='bbox 462 195 554 226; x_wconf 88' lang='lat' dir='ltr'>libros</span> <span class='ocrx_word' id='word_1_8' title='bbox 570 206 638 226; x_wconf 87' lang='lat' dir='ltr'>suos</span> <span class='ocrx_word' id='word_1_9' title='bbox 654 195 780 226; x_wconf 83' lang='lat' dir='ltr'>Latinos</span> <span class='ocrx_word' id='word_1_10' title='bbox 795 197 833 227; x_wconf 87' lang='lat' dir='ltr'>de</span> <span class='ocrx_word' id='word_1_11' title='bbox 852 196 1058 238; x_wconf 48' lang='lat' dir='ltr'>philosophie,</span> 
     </span>
     <span class='ocr_line' id='line_1_3' title="bbox 174 238 801 279; baseline -0.002 -11"><span class='ocrx_word' id='word_1_12' title='bbox 174 248 190 267; x_wconf 88' lang='lat' dir='ltr'>e</span> <span class='ocrx_word' id='word_1_13' title='bbox 203 238 317 268; x_wconf 69' lang='lat' dir='ltr'>Graecis</span> <span class='ocrx_word' id='word_1_14' title='bbox 332 239 465 276; x_wconf 83' lang='lat' dir='ltr'>haustos,</span> <span class='ocrx_word' id='word_1_15' title='bbox 482 244 511 268; x_wconf 86' lang='lat' dir='ltr'>et</span> <span class='ocrx_word' id='word_1_16' title='bbox 525 249 611 279; x_wconf 77' lang='lat' dir='ltr'>paene</span> <span class='ocrx_word' id='word_1_17' title='bbox 627 239 801 279; x_wconf 75' lang='lat' dir='ltr'>descriptos.</span> 
     </span>
    </p>

    <p class='ocr_par' dir='ltr' id='par_1_3' title="bbox 214 281 938 320">
     <span class='ocr_line' id='line_1_4' title="bbox 214 281 938 320; baseline 0.006 -12"><span class='ocrx_word' id='word_1_18' title='bbox 214 281 545 320; x_wconf 52' lang='lat' dir='ltr'>Arrosssxfftc,argumenti</span> <span class='ocrx_word' id='word_1_19' title='bbox 563 282 715 318; x_wconf 56' lang='lat' dir='ltr'>conclusio,</span> <span class='ocrx_word' id='word_1_20' title='bbox 734 281 827 312; x_wconf 75' lang='lat' dir='ltr'>Acad-</span> <span class='ocrx_word' id='word_1_21' title='bbox 845 281 890 319; x_wconf 88' lang='lat' dir='ltr'>II,</span> <span class='ocrx_word' id='word_1_22' title='bbox 909 284 938 312; x_wconf 86' lang='lat'>8.</span> 
     </span>
    </p>

    <p class='ocr_par' dir='ltr' id='par_1_4' title="bbox 168 323 1056 451">
     <span class='ocr_line' id='line_1_5' title="bbox 213 323 1056 364; baseline 0.005 -13"><span class='ocrx_word' id='word_1_23' title='bbox 213 323 413 364; x_wconf 72' lang='grc' dir='ltr'>Αποδυτηριον,</span> <span class='ocrx_word' id='word_1_24' title='bbox 430 325 517 359; x_wconf 72' lang='lat' dir='ltr'>locus,</span> <span class='ocrx_word' id='word_1_25' title='bbox 534 326 583 353; x_wconf 71' lang='lat' dir='ltr'>ubi</span> <span class='ocrx_word' id='word_1_26' title='bbox 599 326 724 353; x_wconf 66' lang='lat' dir='ltr'>lavaturi</span> <span class='ocrx_word' id='word_1_27' title='bbox 753 338 774 353; x_wconf 67' lang='lat'>1¹1</span> <span class='ocrx_word' id='word_1_28' title='bbox 784 328 918 355; x_wconf 72' lang='lat' dir='ltr'>stimenza</span> <span class='ocrx_word' id='word_1_29' title='bbox 933 326 1056 364; x_wconf 80' lang='lat' dir='ltr'>depone-</span> 
     </span>
     <span class='ocr_line' id='line_1_6' title="bbox 170 366 1054 407; baseline 0.005 -12"><span class='ocrx_word' id='word_1_30' title='bbox 170 367 237 395; x_wconf 79' lang='lat' dir='ltr'>bant</span> <span class='ocrx_word' id='word_1_31' title='bbox 255 368 284 395; x_wconf 61' lang='lat' dir='ltr'>in,</span> <span class='ocrx_word' id='word_1_32' title='bbox 296 367 415 401; x_wconf 57' lang='lat' dir='ltr'>balneis,</span> <span class='ocrx_word' id='word_1_33' title='bbox 432 367 470 396; x_wconf 84' lang='lat' dir='ltr'>ad</span> <span class='ocrx_word' id='word_1_34' title='bbox 486 367 549 404; x_wconf 78' lang='lat' dir='ltr'>Qu.</span> <span class='ocrx_word' id='word_1_35' title='bbox 567 367 617 397; x_wconf 85' lang='lat' dir='ltr'>Fr.</span> <span class='ocrx_word' id='word_1_36' title='bbox 636 366 700 403; x_wconf 92' lang='lat' dir='ltr'>III,</span> <span class='ocrx_word' id='word_1_37' title='bbox 724 372 746 398; x_wconf 89' lang='grc'>1.</span> <span class='ocrx_word' id='word_1_38' title='bbox 764 370 794 397; x_wconf 85' lang='grc'>3.</span> <span class='ocrx_word' id='word_1_39' title='bbox 811 368 850 397; x_wconf 92' lang='lat' dir='ltr'>V.</span> <span class='ocrx_word' id='word_1_40' title='bbox 869 369 1054 407; x_wconf 79' lang='lat' dir='ltr'>Gesnerum,</span> 
     </span>
     <span class='ocr_line' id='line_1_7' title="bbox 168 408 882 451; baseline 0.004 -13"><span class='ocrx_word' id='word_1_41' title='bbox 168 408 207 439; x_wconf 84' lang='lat' dir='ltr'>ad</span> <span class='ocrx_word' id='word_1_42' title='bbox 220 409 308 439; x_wconf 83' lang='lat' dir='ltr'>Varr.</span> <span class='ocrx_word' id='word_1_43' title='bbox 326 409 365 439; x_wconf 88' lang='lat' dir='ltr'>R.</span> <span class='ocrx_word' id='word_1_44' title='bbox 383 409 423 439; x_wconf 88' lang='lat' dir='ltr'>R.</span> <span class='ocrx_word' id='word_1_45' title='bbox 442 409 488 446; x_wconf 87' lang='lat' dir='ltr'>II,</span> <span class='ocrx_word' id='word_1_46' title='bbox 505 414 530 440; x_wconf 90' lang='lat' dir='ltr'>l.</span> <span class='ocrx_word' id='word_1_47' title='bbox 547 416 576 440; x_wconf 86' lang='lat' dir='ltr'>et</span> <span class='ocrx_word' id='word_1_48' title='bbox 591 410 644 451; x_wconf 90' lang='lat' dir='ltr'>qui</span> <span class='ocrx_word' id='word_1_49' title='bbox 655 410 698 440; x_wconf 89' lang='lat' dir='ltr'>ibi</span> <span class='ocrx_word' id='word_1_50' title='bbox 710 411 882 441; x_wconf 85' lang='lat' dir='ltr'>laudantur.</span> 
     </span>
    </p>

    <p class='ocr_par' dir='ltr' id='par_1_5' title="bbox 166 454 1054 534">
     <span class='ocr_line' id='line_1_8' title="bbox 211 454 1054 493; baseline 0.004 -11"><span class='ocrx_word' id='word_1_51' title='bbox 211 455 388 487; x_wconf 64' lang='grc' dir='ltr'>Αποθεωο-ις,</span> <span class='ocrx_word' id='word_1_52' title='bbox 422 454 604 491; x_wconf 72' lang='lat' dir='ltr'>consecratio,</span> <span class='ocrx_word' id='word_1_53' title='bbox 634 463 687 493; x_wconf 91' lang='lat' dir='ltr'>per</span> <span class='ocrx_word' id='word_1_54' title='bbox 713 464 807 493; x_wconf 85' lang='lat' dir='ltr'>quam</span> <span class='ocrx_word' id='word_1_55' title='bbox 838 454 869 483; x_wconf 90' lang='lat' dir='ltr'>in</span> <span class='ocrx_word' id='word_1_56' title='bbox 890 464 1054 485; x_wconf 84' lang='lat' dir='ltr'>numerum</span> 
     </span>
     <span class='ocr_line' id='line_1_9' title="bbox 166 495 979 534; baseline 0.004 -10"><span class='ocrx_word' id='word_1_57' title='bbox 166 495 307 525; x_wconf 84' lang='lat' dir='ltr'><strong>Deorum</strong></span> <span class='ocrx_word' id='word_1_58' title='bbox 322 495 458 531; x_wconf 86' lang='lat' dir='ltr'>veniunt,</span> <span class='ocrx_word' id='word_1_59' title='bbox 475 495 513 525; x_wconf 82' lang='lat' dir='ltr'>ad</span> <span class='ocrx_word' id='word_1_60' title='bbox 526 495 593 525; x_wconf 81' lang='lat' dir='ltr'>Att.</span> <span class='ocrx_word' id='word_1_61' title='bbox 612 495 638 532; x_wconf 77' lang='grc' dir='ltr'>Ι,</span> <span class='ocrx_word' id='word_1_62' title='bbox 658 499 707 525; x_wconf 82' lang='grc'>16.</span> <span class='ocrx_word' id='word_1_63' title='bbox 720 495 801 534; x_wconf 79' lang='lat' dir='ltr'>XII,</span> <span class='ocrx_word' id='word_1_64' title='bbox 821 497 868 526; x_wconf 81' lang='lat'>12.</span> <span class='ocrx_word' id='word_1_65' title='bbox 885 503 914 526; x_wconf 85' lang='lat' dir='ltr'>et</span> <span class='ocrx_word' id='word_1_66' title='bbox 928 498 979 527; x_wconf 83' lang='lat'>36.</span> 
     </span>
    </p>

    <p class='ocr_par' dir='ltr' id='par_1_6' title="bbox 158 538 1053 954">
     <span class='ocr_line' id='line_1_10' title="bbox 210 538 1053 577; baseline 0.005 -11"><span class='ocrx_word' id='word_1_67' title='bbox 210 543 428 577; x_wconf 67' lang='grc' dir='ltr'>Αποκαρτερων,</span> <span class='ocrx_word' id='word_1_68' title='bbox 456 538 591 577; x_wconf 67' lang='lat' dir='ltr'>Hegesiae</span> <span class='ocrx_word' id='word_1_69' title='bbox 617 540 688 568; x_wconf 78' lang='lat' dir='ltr'>liber</span> <span class='ocrx_word' id='word_1_70' title='bbox 714 542 753 568; x_wconf 75' lang='lat' dir='ltr'>ita</span> <span class='ocrx_word' id='word_1_71' title='bbox 776 542 881 574; x_wconf 71' lang='lat' dir='ltr'>dactus,</span> <span class='ocrx_word' id='word_1_72' title='bbox 905 539 998 570; x_wconf 89' lang='lat' dir='ltr'>Tusc.</span> <span class='ocrx_word' id='word_1_73' title='bbox 1025 540 1053 576; x_wconf 90' lang='lat' dir='ltr'>I,</span> 
     </span>
     <span class='ocr_line' id='line_1_11' title="bbox 166 580 1053 621; baseline 0.003 -11"><span class='ocrx_word' id='word_1_74' title='bbox 166 582 217 610; x_wconf 82' lang='lat'>35.</span> <span class='ocrx_word' id='word_1_75' title='bbox 245 586 454 620; x_wconf 67' lang='lat' dir='ltr'>Arromprepm</span> <span class='ocrx_word' id='word_1_76' title='bbox 478 581 631 619; x_wconf 84' lang='lat' dir='ltr'>dicuntur,</span> <span class='ocrx_word' id='word_1_77' title='bbox 654 581 707 621; x_wconf 87' lang='lat' dir='ltr'>qui</span> <span class='ocrx_word' id='word_1_78' title='bbox 727 580 826 611; x_wconf 51' lang='lat' dir='ltr'>inedie⁴</span> <span class='ocrx_word' id='word_1_79' title='bbox 846 588 975 612; x_wconf 85' lang='lat' dir='ltr'>mortem</span> <span class='ocrx_word' id='word_1_80' title='bbox 995 583 1053 614; x_wconf 87' lang='lat' dir='ltr'>sibi</span> 
     </span>
     <span class='ocr_line' id='line_1_12' title="bbox 164 622 1050 665; baseline 0.002 -11"><span class='ocrx_word' id='word_1_81' title='bbox 164 622 366 654; x_wconf 80' lang='lat' dir='ltr'>voluntariam</span> <span class='ocrx_word' id='word_1_82' title='bbox 382 623 580 659; x_wconf 82' lang='lat' dir='ltr'>consciscunt,</span> <span class='ocrx_word' id='word_1_83' title='bbox 596 629 631 653; x_wconf 91' lang='lat' dir='ltr'>ut</span> <span class='ocrx_word' id='word_1_84' title='bbox 653 625 772 654; x_wconf 83' lang='lat' dir='ltr'>Atticus</span> <span class='ocrx_word' id='word_1_85' title='bbox 798 624 868 654; x_wconf 85' lang='lat' dir='ltr'>fecit</span> <span class='ocrx_word' id='word_1_86' title='bbox 886 625 969 665; x_wconf 88' lang='lat' dir='ltr'>apud</span> <span class='ocrx_word' id='word_1_87' title='bbox 985 626 1015 656; x_wconf 89' lang='lat' dir='ltr'>N</span> <span class='ocrx_word' id='word_1_88' title='bbox 1019 636 1050 656; x_wconf 87' lang='lat' dir='ltr'>e-</span> 
     </span>
     <span class='ocr_line' id='line_1_13' title="bbox 162 665 1048 708; baseline 0.002 -12"><span class='ocrx_word' id='word_1_89' title='bbox 162 673 274 707; x_wconf 81' lang='lat' dir='ltr'>potem.</span> <span class='ocrx_word' id='word_1_90' title='bbox 310 666 457 705; x_wconf 82' lang='lat' dir='ltr'>Hegesias</span> <span class='ocrx_word' id='word_1_91' title='bbox 478 667 581 708; x_wconf 85' lang='lat' dir='ltr'>itaque</span> <span class='ocrx_word' id='word_1_92' title='bbox 607 665 793 707; x_wconf 65' lang='lat' dir='ltr'>Cyrenaicus</span> <span class='ocrx_word' id='word_1_93' title='bbox 819 667 932 697; x_wconf 89' lang='lat' dir='ltr'>librum</span> <span class='ocrx_word' id='word_1_94' title='bbox 956 678 1048 699; x_wconf 88' lang='lat' dir='ltr'>suum</span> 
     </span>
     <span class='ocr_line' id='line_1_14' title="bbox 161 708 1048 750; baseline 0.002 -12"><span class='ocrx_word' id='word_1_95' title='bbox 161 709 207 750; x_wconf 90' lang='lat' dir='ltr'>(in</span> <span class='ocrx_word' id='word_1_96' title='bbox 229 719 290 750; x_wconf 88' lang='lat' dir='ltr'>quo</span> <span class='ocrx_word' id='word_1_97' title='bbox 305 708 343 738; x_wconf 89' lang='lat' dir='ltr'>de</span> <span class='ocrx_word' id='word_1_98' title='bbox 358 714 454 738; x_wconf 83' lang='lat' dir='ltr'>morte</span> <span class='ocrx_word' id='word_1_99' title='bbox 469 710 689 740; x_wconf 52' lang='lat' dir='ltr'>contemnenti&amp;</span> <span class='ocrx_word' id='word_1_100' title='bbox 709 710 751 740; x_wconf 89' lang='lat' dir='ltr'>ita</span> <span class='ocrx_word' id='word_1_101' title='bbox 766 710 933 750; x_wconf 81' lang='lat' dir='ltr'>scripserat,</span> <span class='ocrx_word' id='word_1_102' title='bbox 950 717 996 748; x_wconf 91' lang='lat' dir='ltr'>ut,</span> <span class='ocrx_word' id='word_1_103' title='bbox 1013 721 1048 741; x_wconf 92' lang='lat' dir='ltr'>eo</span> 
     </span>
     <span class='ocr_line' id='line_1_15' title="bbox 161 751 1050 795; baseline 0.002 -13"><span class='ocrx_word' id='word_1_104' title='bbox 161 752 249 789; x_wconf 86' lang='lat' dir='ltr'>lecto,</span> <span class='ocrx_word' id='word_1_105' title='bbox 279 751 370 781; x_wconf 81' lang='lat' dir='ltr'>multi</span> <span class='ocrx_word' id='word_1_106' title='bbox 400 751 456 781; x_wconf 89' lang='lat' dir='ltr'>sibi</span> <span class='ocrx_word' id='word_1_107' title='bbox 482 759 612 783; x_wconf 87' lang='lat' dir='ltr'>mortem</span> <span class='ocrx_word' id='word_1_108' title='bbox 641 753 869 791; x_wconf 85' lang='lat' dir='ltr'>consciscerent)</span> <span class='ocrx_word' id='word_1_109' title='bbox 900 753 1050 795; x_wconf 87' lang='lat' dir='ltr'>inscripsit</span> 
     </span>
     <span class='ocr_line' id='line_1_16' title="bbox 161 795 1046 836; baseline 0.002 -12"><span class='ocrx_word' id='word_1_110' title='bbox 161 800 429 835; x_wconf 64' lang='grc' dir='ltr'>Αποκαρτερουντα,</span> <span class='ocrx_word' id='word_1_111' title='bbox 457 796 539 836; x_wconf 88' lang='lat' dir='ltr'>quod</span> <span class='ocrx_word' id='word_1_112' title='bbox 562 795 594 825; x_wconf 90' lang='lat' dir='ltr'>in</span> <span class='ocrx_word' id='word_1_113' title='bbox 620 805 655 825; x_wconf 88' lang='lat' dir='ltr'>eo</span> <span class='ocrx_word' id='word_1_114' title='bbox 681 796 806 836; x_wconf 86' lang='lat' dir='ltr'>quidam</span> <span class='ocrx_word' id='word_1_115' title='bbox 835 796 1046 834; x_wconf 85' lang='lat' dir='ltr'>inducebatur,</span> 
     </span>
     <span class='ocr_line' id='line_1_17' title="bbox 159 836 1047 879; baseline 0.005 -13"><span class='ocrx_word' id='word_1_116' title='bbox 159 837 224 877; x_wconf 86' lang='lat' dir='ltr'>qui,</span> <span class='ocrx_word' id='word_1_117' title='bbox 242 847 311 867; x_wconf 91' lang='lat' dir='ltr'>cum</span> <span class='ocrx_word' id='word_1_118' title='bbox 334 836 423 866; x_wconf 86' lang='lat' dir='ltr'>vellet</span> <span class='ocrx_word' id='word_1_119' title='bbox 439 849 455 868; x_wconf 86' lang='lat' dir='ltr'>e</span> <span class='ocrx_word' id='word_1_120' title='bbox 476 838 538 869; x_wconf 68' lang='lat' dir='ltr'>vit-:2</span> <span class='ocrx_word' id='word_1_121' title='bbox 562 849 614 879; x_wconf 90' lang='lat' dir='ltr'>per</span> <span class='ocrx_word' id='word_1_122' title='bbox 639 838 771 868; x_wconf 87' lang='lat' dir='ltr'>inediam</span> <span class='ocrx_word' id='word_1_123' title='bbox 793 839 950 873; x_wconf 84' lang='lat' dir='ltr'>discedere,</span> <span class='ocrx_word' id='word_1_124' title='bbox 968 845 996 869; x_wconf 89' lang='lat' dir='ltr'>et</span> <span class='ocrx_word' id='word_1_125' title='bbox 1008 841 1047 870; x_wconf 87' lang='lat' dir='ltr'>ab</span> 
     </span>
     <span class='ocr_line' id='line_1_18' title="bbox 160 880 1049 922; baseline 0.003 -13"><span class='ocrx_word' id='word_1_126' title='bbox 160 880 264 911; x_wconf 89' lang='lat' dir='ltr'>amicis</span> <span class='ocrx_word' id='word_1_127' title='bbox 280 887 477 918; x_wconf 84' lang='lat' dir='ltr'>revocaretur,</span> <span class='ocrx_word' id='word_1_128' title='bbox 494 881 530 911; x_wconf 89' lang='lat' dir='ltr'>iis</span> <span class='ocrx_word' id='word_1_129' title='bbox 544 881 738 922; x_wconf 84' lang='lat' dir='ltr'>respondens,</span> <span class='ocrx_word' id='word_1_130' title='bbox 755 881 825 912; x_wconf 85' lang='lat' dir='ltr'>vitae</span> <span class='ocrx_word' id='word_1_131' title='bbox 839 881 983 912; x_wconf 84' lang='lat' dir='ltr'>humanae</span> <span class='ocrx_word' id='word_1_132' title='bbox 1002 882 1049 912; x_wconf 76' lang='lat' dir='ltr'>in·</span> 
     </span>
     <span class='ocr_line' id='line_1_19' title="bbox 158 923 502 954; baseline 0.006 -1"><span class='ocrx_word' id='word_1_133' title='bbox 158 923 318 954; x_wconf 87' lang='lat' dir='ltr'>commoda</span> <span class='ocrx_word' id='word_1_134' title='bbox 334 929 502 954; x_wconf 87' lang='lat' dir='ltr'>enumerat.</span> 
     </span>
    </p>

    <p class='ocr_par' dir='ltr' id='par_1_7' title="bbox 153 968 1044 1051">
     <span class='ocr_line' id='line_1_20' title="bbox 202 968 1044 1005; baseline 0.005 -11"><span class='ocrx_word' id='word_1_135' title='bbox 202 972 472 1002; x_wconf 75' lang='grc' dir='ltr'>Απολιτικωτατον,</span> <span class='ocrx_word' id='word_1_136' title='bbox 497 968 590 998; x_wconf 76' lang='lat' dir='ltr'>civilis</span> <span class='ocrx_word' id='word_1_137' title='bbox 608 968 826 1005; x_wconf 69' lang='lat' dir='ltr'>gubernationis</span> <span class='ocrx_word' id='word_1_138' title='bbox 849 969 976 997; x_wconf 66' lang='lat' dir='ltr'>maxime</span> <span class='ocrx_word' id='word_1_139' title='bbox 991 968 1044 998; x_wconf 60' lang='grc' dir='ltr'>ρκ’-</span> 
     </span>
     <span class='ocr_line' id='line_1_21' title="bbox 153 1009 998 1051; baseline 0.004 -13"><span class='ocrx_word' id='word_1_140' title='bbox 153 1015 277 1048; x_wconf 72' lang='lat' dir='ltr'>pertem,</span> <span class='ocrx_word' id='word_1_141' title='bbox 294 1009 367 1050; x_wconf 87' lang='lat' dir='ltr'>reip.</span> <span class='ocrx_word' id='word_1_142' title='bbox 385 1010 524 1051; x_wconf 84' lang='lat' dir='ltr'>gerendae</span> <span class='ocrx_word' id='word_1_143' title='bbox 538 1010 678 1045; x_wconf 82' lang='lat' dir='ltr'>inscium,</span> <span class='ocrx_word' id='word_1_144' title='bbox 693 1010 732 1040; x_wconf 88' lang='lat' dir='ltr'>ad</span> <span class='ocrx_word' id='word_1_145' title='bbox 748 1011 815 1040; x_wconf 84' lang='lat' dir='ltr'>Att.</span> <span class='ocrx_word' id='word_1_146' title='bbox 831 1009 930 1047; x_wconf 90' lang='lat' dir='ltr'>VIII,</span> <span class='ocrx_word' id='word_1_147' title='bbox 950 1012 998 1041; x_wconf 86' lang='lat'>16.</span> 
     </span>
    </p>

    <p class='ocr_par' dir='ltr' id='par_1_8' title="bbox 153 1054 1038 1133">
     <span class='ocr_line' id='line_1_22' title="bbox 201 1054 1038 1094; baseline 0.005 -14"><span class='ocrx_word' id='word_1_148' title='bbox 201 1057 404 1090; x_wconf 75' lang='grc' dir='ltr'>Απολογισμον</span> <span class='ocrx_word' id='word_1_149' title='bbox 433 1055 619 1094; x_wconf 75' lang='grc' dir='ltr'><strong><em>συνταξομαι,</em></strong></span> <span class='ocrx_word' id='word_1_150' title='bbox 643 1054 839 1093; x_wconf 59' lang='lat' dir='ltr'>defensionem</span> <span class='ocrx_word' id='word_1_151' title='bbox 863 1064 1038 1093; x_wconf 79' lang='lat' dir='ltr'>componam.</span> 
     </span>
     <span class='ocr_line' id='line_1_23' title="bbox 153 1094 438 1133; baseline 0 -8"><span class='ocrx_word' id='word_1_152' title='bbox 153 1095 193 1125; x_wconf 86' lang='lat' dir='ltr'>ad</span> <span class='ocrx_word' id='word_1_153' title='bbox 212 1095 278 1125; x_wconf 82' lang='lat' dir='ltr'>Att.</span> <span class='ocrx_word' id='word_1_154' title='bbox 292 1094 387 1133; x_wconf 88' lang='lat' dir='ltr'>XVI,</span> <span class='ocrx_word' id='word_1_155' title='bbox 408 1096 438 1131; x_wconf 88' lang='lat'>7.</span> 
     </span>
    </p>

    <p class='ocr_par' dir='ltr' id='par_1_9' title="bbox 149 1138 1044 1560">
     <span class='ocr_line' id='line_1_24' title="bbox 197 1138 1044 1178; baseline 0.004 -11"><span class='ocrx_word' id='word_1_156' title='bbox 197 1144 442 1175; x_wconf 71' lang='grc' dir='ltr'>Αποπροηγμειον,</span> <span class='ocrx_word' id='word_1_157' title='bbox 465 1140 614 1178; x_wconf 76' lang='lat' dir='ltr'>rejectum.</span> <span class='ocrx_word' id='word_1_158' title='bbox 639 1138 741 1173; x_wconf 75' lang='lat' dir='ltr'>Stoici,</span> <span class='ocrx_word' id='word_1_159' title='bbox 755 1149 824 1169; x_wconf 86' lang='lat' dir='ltr'>cum</span> <span class='ocrx_word' id='word_1_160' title='bbox 841 1139 957 1169; x_wconf 87' lang='lat' dir='ltr'>nollent</span> <span class='ocrx_word' id='word_1_161' title='bbox 970 1139 1044 1170; x_wconf 84' lang='lat' dir='ltr'>boni</span> 
     </span>
     <span class='ocr_line' id='line_1_25' title="bbox 152 1181 1042 1222; baseline 0.001 -11"><span class='ocrx_word' id='word_1_162' title='bbox 152 1181 263 1212; x_wconf 84' lang='lat' dir='ltr'>malive</span> <span class='ocrx_word' id='word_1_163' title='bbox 278 1181 342 1211; x_wconf 91' lang='lat' dir='ltr'>loco</span> <span class='ocrx_word' id='word_1_164' title='bbox 356 1191 466 1221; x_wconf 89' lang='lat' dir='ltr'>ponere</span> <span class='ocrx_word' id='word_1_165' title='bbox 481 1181 648 1222; x_wconf 85' lang='lat' dir='ltr'>quidquam</span> <span class='ocrx_word' id='word_1_166' title='bbox 661 1189 768 1222; x_wconf 82' lang='lat' dir='ltr'>praeter</span> <span class='ocrx_word' id='word_1_167' title='bbox 780 1182 922 1212; x_wconf 87' lang='lat' dir='ltr'>virtutem</span> <span class='ocrx_word' id='word_1_168' title='bbox 933 1188 962 1213; x_wconf 89' lang='lat' dir='ltr'>et</span> <span class='ocrx_word' id='word_1_169' title='bbox 976 1188 1042 1212; x_wconf 84' lang='lat' dir='ltr'>tur-</span> 
     </span>
     <span class='ocr_line' id='line_1_26' title="bbox 151 1225 1041 1265; baseline 0.001 -11"><span class='ocrx_word' id='word_1_170' title='bbox 151 1225 333 1265; x_wconf 84' lang='lat' dir='ltr'>pitudinem,</span> <span class='ocrx_word' id='word_1_171' title='bbox 364 1231 484 1254; x_wconf 80' lang='lat' dir='ltr'>caeteras</span> <span class='ocrx_word' id='word_1_172' title='bbox 504 1235 562 1261; x_wconf 88' lang='lat' dir='ltr'>res,</span> <span class='ocrx_word' id='word_1_173' title='bbox 586 1225 697 1265; x_wconf 87' lang='lat' dir='ltr'>quibus</span> <span class='ocrx_word' id='word_1_174' title='bbox 721 1234 782 1254; x_wconf 86' lang='lat' dir='ltr'>non</span> <span class='ocrx_word' id='word_1_175' title='bbox 807 1230 905 1265; x_wconf 87' lang='lat' dir='ltr'>potest</span> <span class='ocrx_word' id='word_1_176' title='bbox 934 1225 1041 1255; x_wconf 89' lang='lat' dir='ltr'>eodem</span> 
     </span>
     <span class='ocr_line' id='line_1_27' title="bbox 150 1266 1041 1307; baseline 0 -10"><span class='ocrx_word' id='word_1_177' title='bbox 150 1268 243 1297; x_wconf 88' lang='lat' dir='ltr'>modo</span> <span class='ocrx_word' id='word_1_178' title='bbox 258 1266 378 1296; x_wconf 84' lang='lat' dir='ltr'>animus</span> <span class='ocrx_word' id='word_1_179' title='bbox 392 1267 546 1297; x_wconf 85' lang='lat' dir='ltr'>humanus</span> <span class='ocrx_word' id='word_1_180' title='bbox 572 1268 697 1305; x_wconf 84' lang='lat' dir='ltr'>moveri,</span> <span class='ocrx_word' id='word_1_181' title='bbox 718 1273 876 1307; x_wconf 85' lang='lat' dir='ltr'>tamquam</span> <span class='ocrx_word' id='word_1_182' title='bbox 891 1267 1041 1298; x_wconf 82' lang='lat' dir='ltr'>valetudi-</span> 
     </span>
     <span class='ocr_line' id='line_1_28' title="bbox 149 1310 1038 1350; baseline 0 -10"><span class='ocrx_word' id='word_1_183' title='bbox 149 1320 221 1340; x_wconf 86' lang='lat' dir='ltr'>nem</span> <span class='ocrx_word' id='word_1_184' title='bbox 236 1316 359 1347; x_wconf 86' lang='lat' dir='ltr'>rectam,</span> <span class='ocrx_word' id='word_1_185' title='bbox 381 1311 535 1346; x_wconf 81' lang='lat' dir='ltr'>morbum,</span> <span class='ocrx_word' id='word_1_186' title='bbox 552 1310 698 1346; x_wconf 86' lang='lat' dir='ltr'>dolorem,</span> <span class='ocrx_word' id='word_1_187' title='bbox 715 1310 914 1350; x_wconf 84' lang='lat' dir='ltr'>voluptatem,</span> <span class='ocrx_word' id='word_1_188' title='bbox 931 1310 1038 1349; x_wconf 80' lang='lat' dir='ltr'>vitam,</span> 
     </span>
     <span class='ocr_line' id='line_1_29' title="bbox 149 1352 1036 1393; baseline 0 -10"><span class='ocrx_word' id='word_1_189' title='bbox 149 1358 292 1390; x_wconf 87' lang='lat' dir='ltr'>mortem,</span> <span class='ocrx_word' id='word_1_190' title='bbox 308 1352 438 1389; x_wconf 86' lang='lat' dir='ltr'>divitias,</span> <span class='ocrx_word' id='word_1_191' title='bbox 455 1359 677 1393; x_wconf 80' lang='lat' dir='ltr'>paupertatem,</span> <span class='ocrx_word' id='word_1_192' title='bbox 695 1354 752 1383; x_wconf 65' lang='grc' dir='ltr'>διε.</span> <span class='ocrx_word' id='word_1_193' title='bbox 772 1353 992 1383; x_wconf 85' lang='lat' dir='ltr'>distribuebant</span> <span class='ocrx_word' id='word_1_194' title='bbox 1004 1353 1036 1384; x_wconf 90' lang='lat' dir='ltr'>in</span> 
     </span>
     <span class='ocr_line' id='line_1_30' title="bbox 150 1395 1038 1436; baseline 0.002 -12"><span class='ocrx_word' id='word_1_195' title='bbox 150 1407 325 1435; x_wconf 74' lang='grc' dir='ltr'>προηγμενα,</span> <span class='ocrx_word' id='word_1_196' title='bbox 346 1400 376 1425; x_wconf 84' lang='lat' dir='ltr'>et</span> <span class='ocrx_word' id='word_1_197' title='bbox 398 1407 631 1434; x_wconf 75' lang='grc' dir='ltr'><em>αποπροηγμενα,</em></span> <span class='ocrx_word' id='word_1_198' title='bbox 647 1395 678 1425; x_wconf 86' lang='lat' dir='ltr'>h.</span> <span class='ocrx_word' id='word_1_199' title='bbox 695 1406 720 1425; x_wconf 88' lang='lat' dir='ltr'>e.</span> <span class='ocrx_word' id='word_1_200' title='bbox 741 1395 859 1436; x_wconf 75' lang='lat' dir='ltr'>dignas,</span> <span class='ocrx_word' id='word_1_201' title='bbox 876 1406 945 1436; x_wconf 84' lang='lat' dir='ltr'>quae</span> <span class='ocrx_word' id='word_1_202' title='bbox 962 1395 1038 1426; x_wconf 80' lang='lat' dir='ltr'>deli-</span> 
     </span>
     <span class='ocr_line' id='line_1_31' title="bbox 149 1437 1037 1478; baseline 0.001 -10"><span class='ocrx_word' id='word_1_203' title='bbox 149 1444 301 1477; x_wconf 83' lang='lat' dir='ltr'>gerentur,</span> <span class='ocrx_word' id='word_1_204' title='bbox 317 1438 364 1468; x_wconf 90' lang='lat' dir='ltr'>vel</span> <span class='ocrx_word' id='word_1_205' title='bbox 379 1437 619 1478; x_wconf 79' lang='lat' dir='ltr'>repudiarentur,</span> <span class='ocrx_word' id='word_1_206' title='bbox 641 1445 686 1476; x_wconf 88' lang='lat' dir='ltr'>ut,</span> <span class='ocrx_word' id='word_1_207' title='bbox 708 1449 736 1469; x_wconf 93' lang='lat' dir='ltr'>v.</span> <span class='ocrx_word' id='word_1_208' title='bbox 752 1449 776 1469; x_wconf 95' lang='lat' dir='ltr'>c.</span> <span class='ocrx_word' id='word_1_209' title='bbox 795 1438 934 1468; x_wconf 84' lang='lat' dir='ltr'>valetudo</span> <span class='ocrx_word' id='word_1_210' title='bbox 956 1444 1037 1469; x_wconf 85' lang='lat' dir='ltr'>recta</span> 
     </span>
     <span class='ocr_line' id='line_1_32' title="bbox 149 1480 1033 1521; baseline 0.003 -12"><span class='ocrx_word' id='word_1_211' title='bbox 149 1492 320 1519; x_wconf 70' lang='grc' dir='ltr'>προηγμενου</span> <span class='ocrx_word' id='word_1_212' title='bbox 333 1486 419 1516; x_wconf 80' lang='lat' dir='ltr'>esset,</span> <span class='ocrx_word' id='word_1_213' title='bbox 430 1481 554 1511; x_wconf 85' lang='lat' dir='ltr'>morbus</span> <span class='ocrx_word' id='word_1_214' title='bbox 570 1492 811 1521; x_wconf 77' lang='grc' dir='ltr'><em>αποπροηγμενον,</em></span> <span class='ocrx_word' id='word_1_215' title='bbox 825 1481 865 1511; x_wconf 87' lang='lat' dir='ltr'>ad</span> <span class='ocrx_word' id='word_1_216' title='bbox 880 1480 952 1512; x_wconf 87' lang='lat' dir='ltr'>Div.</span> <span class='ocrx_word' id='word_1_217' title='bbox 969 1481 1033 1519; x_wconf 90' lang='lat' dir='ltr'>IX,</span> 
     </span>
     <span class='ocr_line' id='line_1_33' title="bbox 150 1522 419 1560; baseline 0.004 -8"><span class='ocrx_word' id='word_1_218' title='bbox 150 1522 180 1557; x_wconf 89' lang='grc'>7.</span> <span class='ocrx_word' id='word_1_219' title='bbox 198 1523 266 1553; x_wconf 88' lang='lat' dir='ltr'>Fin.</span> <span class='ocrx_word' id='word_1_220' title='bbox 284 1522 350 1560; x_wconf 87' lang='lat' dir='ltr'>III,</span> <span class='ocrx_word' id='word_1_221' title='bbox 370 1525 419 1554; x_wconf 87' lang='lat'>15.</span> 
     </span>
    </p>

    <p class='ocr_par' dir='ltr' id='par_1_10' title="bbox 148 1565 1031 1643">
     <span class='ocr_line' id='line_1_34' title="bbox 190 1565 1031 1606; baseline 0.005 -13"><span class='ocrx_word' id='word_1_222' title='bbox 190 1570 310 1605; x_wconf 77' lang='grc' dir='ltr'><em>Απορια,</em></span> <span class='ocrx_word' id='word_1_223' title='bbox 333 1568 490 1605; x_wconf 70' lang='lat' dir='ltr'>dubitatio,</span> <span class='ocrx_word' id='word_1_224' title='bbox 513 1565 552 1596; x_wconf 83' lang='lat' dir='ltr'>ad</span> <span class='ocrx_word' id='word_1_225' title='bbox 567 1565 635 1596; x_wconf 86' lang='lat' dir='ltr'>Att.</span> <span class='ocrx_word' id='word_1_226' title='bbox 651 1566 733 1604; x_wconf 77' lang='lat' dir='ltr'>VII,</span> <span class='ocrx_word' id='word_1_227' title='bbox 753 1567 802 1597; x_wconf 82' lang='grc'>12.</span> <span class='ocrx_word' id='word_1_228' title='bbox 818 1569 870 1597; x_wconf 80' lang='lat'>21.</span> <span class='ocrx_word' id='word_1_229' title='bbox 896 1566 973 1606; x_wconf 83' lang='lat' dir='ltr'>XV,</span> <span class='ocrx_word' id='word_1_230' title='bbox 999 1567 1031 1597; x_wconf 76' lang='grc'>4.</span> 
     </span>
     <span class='ocr_line' id='line_1_35' title="bbox 148 1607 290 1643; baseline 0 -5"><span class='ocrx_word' id='word_1_231' title='bbox 148 1607 243 1643; x_wconf 87' lang='lat' dir='ltr'>XVI,</span> <span class='ocrx_word' id='word_1_232' title='bbox 260 1610 290 1638; x_wconf 88' lang='lat'>8.</span> 
     </span>
    </p>

    <p class='ocr_par' dir='ltr' id='par_1_11' title="bbox 189 1651 875 1691">
     <span class='ocr_line' id='line_1_36' title="bbox 189 1651 875 1691; baseline 0.004 -12"><span class='ocrx_word' id='word_1_233' title='bbox 189 1655 302 1690; x_wconf 77' lang='grc' dir='ltr'>Απορω,</span> <span class='ocrx_word' id='word_1_234' title='bbox 318 1652 430 1691; x_wconf 69' lang='lat' dir='ltr'>dubim,</span> <span class='ocrx_word' id='word_1_235' title='bbox 445 1652 482 1682; x_wconf 77' lang='lat' dir='ltr'>ad</span> <span class='ocrx_word' id='word_1_236' title='bbox 495 1652 564 1682; x_wconf 80' lang='lat' dir='ltr'>Att.</span> <span class='ocrx_word' id='word_1_237' title='bbox 576 1651 656 1690; x_wconf 84' lang='lat' dir='ltr'>VII,</span> <span class='ocrx_word' id='word_1_238' title='bbox 677 1654 725 1682; x_wconf 90' lang='lat' dir='ltr'>ll.</span> <span class='ocrx_word' id='word_1_239' title='bbox 744 1651 805 1685; x_wconf 77' lang='lat' dir='ltr'>IX.</span> <span class='ocrx_word' id='word_1_240' title='bbox 825 1655 875 1682; x_wconf 78' lang='lat'>13·</span> 
     </span>
    </p>

    <p class='ocr_par' dir='ltr' id='par_1_12' title="bbox 189 1694 885 1736">
     <span class='ocr_line' id='line_1_37' title="bbox 189 1694 885 1736; baseline 0.004 -13"><span class='ocrx_word' id='word_1_241' title='bbox 189 1695 639 1736; x_wconf 63' lang='lat' dir='ltr'>Anocnafffmrm,fragmenta,</span> <span class='ocrx_word' id='word_1_242' title='bbox 655 1695 693 1726; x_wconf 77' lang='lat' dir='ltr'>ad</span> <span class='ocrx_word' id='word_1_243' title='bbox 709 1694 775 1727; x_wconf 87' lang='lat' dir='ltr'>Att.</span> <span class='ocrx_word' id='word_1_244' title='bbox 793 1694 838 1734; x_wconf 91' lang='lat' dir='ltr'>II,</span> <span class='ocrx_word' id='word_1_245' title='bbox 859 1698 885 1726; x_wconf 90' lang='lat' dir='ltr'>l.</span> 
     </span>
    </p>
   </div>
  </div>
 </body>
</html>
