1137 1848
298 89 447 120 INDEX
472 89 756 122 HISTORICUS.
908 80 972 116 307

85 175 145 206 Sed
167 174 224 205 hoc
246 175 350 206 obiter.
376 175 427 206 Cf.
443 175 522 206 viros
544 176 646 207 doctos
666 176 704 206 ad
721 177 845 207 Sueton.
862 175 973 206 Caesar.

88 229 152 258 cap.
170 221 221 249 82.

131 262 167 296 Q.
184 262 326 291 Servilios
340 262 500 301 Caepiones
515 272 542 291 v.
558 261 589 291 in
609 263 815 301 Caepionihus.

130 304 251 334 Servius
272 305 378 334 Galba.
402 306 440 335 V.
462 306 566 335 Galba.

130 348 253 377 Servius
269 349 432 386 Sulpicius.
457 348 498 377 V.
515 348 679 386 Sulpicius.

132 391 265 427 Servius,
282 391 319 420 ad
338 390 410 420 Div.
423 389 522 427 VIM,
539 393 568 420 4.
586 390 759 430 designatus
776 390 916 420 tribunus
930 389 973 430 pl.

86 432 124 462 de
139 433 256 463 ambitu
271 440 437 472 accusatus,
454 433 690 464 condemnatur:
709 434 774 472 ejus
785 434 885 463 locum
898 433 976 474 petit

87 475 189 505 Curio.

130 519 252 549 Servius
270 520 360 554 Pola,
376 519 415 548 ad
430 518 503 548 Div.
519 517 618 556 VIII,
639 522 686 549 12.
702 526 863 549 accusator.

128 563 250 592 Servius
270 564 406 599 Tullius,
431 561 503 591 Div.
520 561 548 599 Ι,
574 564 624 592 53.
649 562 675 592 ei
698 561 859 592 dormienti
880 567 972 602 caput

84 604 177 634 ardet.
203 605 291 634 Brut.
313 606 360 634 10.
374 605 497 645 aequalis
514 605 672 634 Pisistrati.

126 648 249 677 Servius
267 649 430 684 Claudius,
447 648 516 677 Att.
534 647 561 686 I,
580 652 629 678 20.
647 649 711 686 ejus
726 647 818 678 libros
830 647 969 679 Ciceroni

83 688 175 720 donat
199 690 237 720 L.
261 690 400 731 Papirius
422 690 540 726 Paetus,
558 691 596 720 ad
618 690 692 720 Div.
716 689 779 727 lx,
805 691 851 720 16.
879 690 971 720 frater

82 742 122 762 sc.
148 733 292 773 patruelis
318 740 370 762 aut
393 734 589 763 consobrinus
618 734 731 774 Papirii
762 733 848 770 Paeti,
878 733 971 763 homo

83 774 199 811 doctus,
223 776 277 816 qui
301 776 388 806 facile
412 776 531 812 diceret,
558 776 611 816 qui
634 786 736 806 versus
755 777 859 806 Plauti
882 781 969 813 esset,

82 817 136 857 qui
162 827 232 848 non.
266 818 490 848 Grammaticus
515 829 585 859 ergo
608 819 677 855 fuit,
697 820 783 857 cujus
805 819 896 849 etiam
920 828 969 858 ap.

82 861 207 891 Sueton.
227 861 277 892 De
288 861 386 892 Claris
403 862 572 891 Grammat.
597 862 676 892 Gell.
694 861 792 900 XIII,
806 865 857 892 521.
886 861 965 891 Plin.

82 902 217 942 XXIII,
233 908 263 934 4.
279 905 393 934 mentio
409 905 452 934 fit.
483 905 534 934 Ex
549 915 595 945 ep.
613 905 651 934 ad
668 907 732 934 Att.
748 905 768 934 1.
786 915 810 935 c.
830 905 968 944 colligere

80 944 160 983 licet,
178 957 248 977 eum
266 947 392 977 Afranio
408 954 436 977 et
451 947 579 977 Metello
595 958 668 978 coss.
685 954 841 977 mortuum
858 958 929 977 esse.

128 991 226 1020 Sestiz'.
244 990 284 1021 V.
301 991 406 1020 Seztii.

125 1034 260 1070 Seuerum,
278 1032 343 1063 Att.
363 1032 459 1071 VIII,
477 1035 506 1062 5.
530 1033 651 1063 Dicitur
666 1043 728 1063 esse
743 1043 813 1063 cum
829 1033 964 1074 imperio.

80 1073 130 1104 Ea
153 1076 279 1116 epistola
301 1075 411 1116 scripta
431 1082 485 1113 est,
510 1076 548 1106 L.
566 1077 698 1106 Lentulo
721 1083 750 1106 et
766 1077 800 1107 C.
819 1076 967 1106 Marcello

80 1127 156 1148 coss.
182 1119 353 1149 Setenatem
376 1126 478 1148 autem
502 1120 560 1149 l⁴as
563 1119 584 1149 ti
600 1126 629 1149 et
649 1129 753 1150 omnes
768 1120 837 1149 libri
853 1126 966 1149 veteres

79 1159 230 1200 ignorant.
248 1161 386 1202 Pighius,
398 1162 436 1192 ad
447 1163 486 1191 A.
499 1163 572 1199 703,
584 1162 746 1202 legendum
757 1163 895 1192 censebat
906 1163 965 1191 Su-

67 1203 182 1243 jimas‚
200 1210 229 1234 et
243 1205 378 1244 capiebat
388 1205 424 1235 de
441 1205 488 1234 M.
499 1205 600 1235 Nonio
612 1205 766 1239 Sufenate,
778 1206 831 1245 qui
842 1215 876 1235 eo
885 1214 965 1239 anno

81 1246 204 1277 Cretam
220 1253 249 1277 et
263 1247 402 1288 Cyrenen
417 1248 559 1286 obtinuit,
572 1254 601 1278 et
616 1254 803 1278 memoratur
816 1249 885 1278 Att.
903 1247 963 1286 IV,

124 1334 227 1362 Sextia
249 1333 364 1370 tabula,
386 1333 494 1371 Quint.
513 1337 541 1363 6.
556 1335 612 1364 διο.
636 1339 679 1363 est
694 1333 789 1364 Sextii
804 1333 965 1373 argentarii

79 1375 250 1414 cujusdam.
273 1376 446 1406 Sextiorum
462 1382 564 1406 autem
579 1377 817 1417 argentariorum
833 1387 910 1417 saepe
920 1383 964 1406 est

79 1418 164 1458 apud
179 1418 353 1448 Ciceronem
377 1419 500 1449 mentio.
527 1420 580 1449 Ad
599 1430 665 1449 eam
684 1419 836 1449 auctiones
852 1427 881 1449 et
895 1419 963 1450 aliae

79 1470 124 1490 res
140 1462 318 1501 agebantur,
334 1461 366 1490 in
383 1462 492 1500 quibus
508 1463 618 1492 tabulis
634 1469 663 1492 et
678 1462 803 1492 testibus
818 1471 903 1502 opus.

122 1504 164 1533 A.
182 1505 337 1542 Seoetz'lizts,
354 1504 452 1535 Flacc.
470 1507 516 1535 15.
534 1505 651 1536 videtur
666 1506 832 1545 negotiator
846 1507 963 1536 Acmo-

77 1546 178 1576 nensis
194 1547 294 1577 fuisse.

122 1590 268 1620 Serulius
284 1590 399 1627 Andro,
413 1591 512 1621 Flacc.
526 1591 578 1621 34.
597 1591 811 1632 Pergamenus.

124 1633 156 1662 C.
183 1634 328 1663 Seztilz'us
358 1633 476 1670 Rufus,
506 1635 544 1664 ad
567 1634 640 1664 Div.
666 1633 747 1671 XII,
777 1635 824 1664 13.
847 1640 962 1682 *praeest

80 1674 167 1704 classi
190 1676 226 1706 C.
244 1676 349 1706 Cassii.
368 1676 468 1714 XIII,
490 1679 542 1708 48.
566 1684 699 1718 quaestor
713 1676 830 1718 primus
845 1677 877 1707 in
894 1678 958 1718 Cy-

78 1727 169 1758 prum
185 1719 294 1749 missus
309 1729 328 1749 a
343 1719 500 1750 Romanis.

124 1762 156 1791 C.
173 1762 326 1801 Seatilius,
343 1762 505 1794 Flacc.36.
528 1763 577 1794 M.
590 1763 737 1794 Lurconis
748 1763 855 1794 sororis
871 1762 961 1794 filius.
