1137 1848
215 85 363 118 INDEX
388 86 757 119 GEOGRAPHICUS.
888 88 928 117 65

88 170 219 208 Aradus,
236 172 275 203 ad
289 173 360 203 Att.
382 172 445 211 IX,
471 174 503 212 9,
524 175 596 204 urbs
612 173 768 204 Phoenices
788 173 819 203 in
835 172 937 204 insula

43 214 148 254 parva,
161 216 328 246 continenti
341 217 457 255 juncta.

90 257 241 296 Ardeates,
257 260 296 289 ab
312 260 428 297 Ardeci,
450 259 532 289 Latii
547 261 632 290 urbe.

88 299 270 340 Areopagus,
289 302 327 331 ad
342 304 412 332 Att.
425 303 468 339 V,
490 303 538 341 ll,
554 313 654 340 mons,
673 302 727 332 ubi
746 301 834 332 BIars
851 302 937 341 judi-

45 348 129 373 catus
153 349 237 380 (ει-αῖς
268 345 376 375 deinde
394 345 544 385 judicium
567 345 803 376 Atheniensium
817 356 826 382 ;
854 345 937 376 unde

47 386 246 426 Areopagitae,
261 387 299 418 de
314 387 386 419 Div.
402 388 431 425 Ι,
454 390 506 419 30.

89 428 245 467 Arethusa,
270 431 385 461 celeber
406 431 474 462 fons
501 431 611 462 Siciliae
633 431 672 461 ad
693 431 873 472 Syracusas:
901 431 939 462 de

46 481 108 512 quo
123 471 182 502 vid.
200 472 275 503 Intt.
291 473 330 503 ad
346 474 432 515 Virg.
458 475 566 514 Eclog.
584 474 628 512 X,
651 480 680 504 et
696 474 788 504 Ovid.
806 475 939 505 Metam.

47 513 90 551 V,
108 515 182 553 567,
205 527 271 557 sqq.
296 517 405 555 Qualis
426 527 507 548 nunc
527 518 576 556 sit,
593 527 620 548 v.
637 527 686 558 ap.
702 517 890 548 Dorvifflum
906 518 938 547 in

48 556 168 595 Siculis,
185 570 218 600 p.
234 560 303 590 198.

91 602 387 643 Atgenzeusfluvius,
409 603 447 634 ad
461 603 533 634 Div.
551 603 607 633 lib.
619 602 664 642 X,
682 613 729 644 ep.
746 603 802 642 34,
815 602 846 633 in
864 602 938 634 Gal-

47 642 90 672 lia
106 642 320 686 Transalpina,
336 647 375 677 ad
390 647 507 677 Forum
521 646 543 677 J
547 647 655 676 ulium.

92 687 259 726 Argenteus
279 700 362 728 pons,
384 690 423 720 ad
440 689 514 720 Div.
533 690 578 727 X,
603 690 657 727 34,
678 689 763 720 locus
785 689 834 720 vel
856 689 940 720 vicus

52 738 122 759 cum
138 737 229 770 ponte
244 731 276 761 in
285 731 378 762 fluvio
392 733 560 773 Argenteo.

94 774 185 813 Argi,
202 775 274 804 urbs
285 775 454 815 Argolidis,
471 775 553 806 unde

92 816 215 857 Argius.
239 817 332 848 Tusc.
347 818 389 855 Q.
403 818 431 855 I,
445 819 497 857 47,
512 819 610 860 Argia
625 818 770 849 sacerdos.

91 859 235 899 Argi-eus,
252 860 342 891 Brut.
360 862 408 891 13.

92 901 260 941 Argolicus,
278 903 315 933 de
331 904 401 934 Fin.
415 904 446 935 V
450 926 458 941 ,
479 905 527 934 18.

94 946 275 984 Argiletum,
292 946 330 976 ad
346 947 415 977 Att.
437 946 519 985 XII,
536 947 589 985 32,
612 956 700 977 mons
720 945 804 977 urbis
818 946 941 986 Romae,

51 986 105 1017 ubi
120 988 278 1020 Cicerones
300 989 428 1020 domum
447 997 500 1020 aut
522 991 661 1021 tabernas
683 990 825 1020 habuisse
839 989 942 1020 viden-

51 1034 124 1066 tur3
149 1031 231 1062 unde
246 1033 451 1069 Arfflecauus,
467 1033 505 1063 ad
522 1034 590 1063 Att.
604 1032 631 1070 I,
651 1033 700 1063 14.

94 1074 267 1114 Arginnsce,
288 1074 352 1105 Off.
373 1075 400 1112 I,
416 1077 470 1114 24,
486 1076 594 1106 insulae
609 1082 668 1105 tres
683 1085 776 1116 prope
792 1075 941 1113 Lesbum,

50 1115 89 1146 ad
104 1126 179 1157 quas
190 1117 490 1149 Lacedaemoniorum
499 1119 563 1149 dux
576 1118 785 1150 Callicratidas
797 1119 835 1149 ab
845 1118 945 1149 Athe-

51 1158 205 1191 niensibus
220 1161 253 1190 in
267 1161 348 1191 bello
363 1162 619 1202 Peloponnesiaco
634 1161 730 1191 victus
746 1168 799 1191 est.

95 1204 215 1241 Aricia,
231 1203 380 1244 oppidum
395 1204 477 1234 Latii
493 1206 549 1235 sub
564 1205 688 1235 Albano
702 1210 817 1234 monte.

98 1245 278 1284 Ariminum,
294 1247 433 1278 Umbriae
447 1248 609 1289 oppidum,
629 1253 711 1278 trans
725 1246 942 1288 Apenninum,

52 1286 91 1317 ad
107 1297 190 1319 mare
201 1288 303 1319 situm.
328 1290 420 1320 Unde

93 1331 302 1371 Ariminenses,
318 1332 349 1362 in
367 1333 455 1363 Verr.
470 1332 518 1372 ΙΙ,
540 1334 591 1365 14.

98 1373 242 1410 Armenii,
261 1375 367 1416 populi
381 1375 476 1406 Asiae.

101 1418 268 1456 Arniensis,
282 1418 319 1448 de
334 1418 418 1459 Lege
433 1420 546 1460 Agrar.
564 1418 611 1459 ΙΙ,
627 1420 681 1458 29,
697 1418 794 1449 tribus
808 1418 901 1450 Rom.
915 1424 946 1450 et

56 1460 138 1500 regio
152 1460 294 1491 Etruriae.

99 1503 189 1543 Arpi,
204 1503 244 1534 ad
257 1505 328 1534 Att.
342 1502 404 1542 IX,
421 1505 453 1541 3,
469 1504 617 1546 oppidum
632 1503 769 1546 Apuliae.

100 1547 260 1585 Arpinum,
281 1547 320 1577 ad
335 1550 404 1577 Att.
426 1546 474 1584 ΙΙ,
494 1549 543 1586 ll,
564 1549 636 1578 urbs
652 1547 751 1578 ltaliae
771 1552 800 1578 et
816 1547 948 1579 munici-

58 1588 158 1629 pium,
175 1589 294 1620 duobus
308 1590 424 1621 civibus
439 1591 474 1621 C.
491 1590 594 1621 Mario
611 1596 641 1621 et
660 1590 710 1620 M.
730 1589 875 1621 Cicerone
889 1601 945 1621 no-

58 1632 232 1670 bilitatum3
255 1633 337 1663 unde
346 1635 503 1672 Arpinates
517 1633 660 1665 dicuntur
673 1644 683 1671 3
707 1639 737 1665 et
751 1635 892 1673 Arpinas,
906 1633 945 1664 ad

60 1674 126 1706 Att.
142 1674 170 1713 Ι,
186 1675 227 1712 63
253 1675 296 1714 V,
317 1677 346 1715 1,
362 1676 400 1706 de
415 1676 538 1717 praedio.

102 1719 267 1756 Arretium,
295 1718 333 1749 ad
354 1719 428 1749 Div.
449 1719 544 1760 XVI,
564 1720 614 1757 12,
631 1719 779 1762 oppidum
800 1719 945 1757 Etruriae,

672 1771 693 1792 G
