1137 1848
349 70 496 102 INDEX
521 69 807 102 HISTORICUS.
960 72 1022 106 247

129 155 184 197 qui
199 166 254 186 nec
270 156 398 186 summis
414 156 485 186 viris
495 156 639 197 pepercit,
656 156 707 186 sed
719 167 823 187 eorum
839 156 912 187 vitia
927 157 1020 187 libere

130 199 306 239 perstrinxit
321 205 350 229 et
365 199 499 240 impune.
524 199 564 229 V.
581 199 670 229 Brut.
687 200 738 229 43.
755 200 808 229 46.
832 199 888 230 Or.
906 199 952 237 II,
970 202 1021 230 60.

132 243 181 276 70.
208 242 312 271 Plane.
329 243 377 271 14.

172 285 224 313 M.
244 285 409 321 Gratidius,
433 284 577 325 Arpinas.
606 284 702 324 Legg.
731 283 796 321 ΙΙΙ,
825 286 872 315 16.
896 285 954 315 fert
974 286 1018 316 le-

128 336 198 366 gem
216 327 404 357 tabellariam
425 328 551 367 Arpini,
573 327 621 357 cui
637 327 746 356 resistit
768 327 920 357 Ciceronis
936 339 1021 358 avus.

130 370 235 408 Hujus
257 380 338 399 soror
360 370 419 400 fuit
445 370 494 399 M.
511 370 661 400 Ciceronis
683 369 806 399 oratoris
829 371 896 399 avia
928 372 1017 401 Brut.

128 413 180 441 45.
202 412 250 441 M.
268 412 399 442 Antonii
424 413 479 443 Or.
494 412 649 442 familiaris
665 418 693 442 et
712 412 870 452 praefectus
893 413 924 442 in
944 414 1019 443 Cili-

128 455 186 490 cia,
202 454 243 484 ibi
259 454 434 485 interfectus
451 462 502 485 est.
528 455 690 485 Accusavit
709 458 747 485 C.
763 454 942 485 Fimbriam.
968 457 1018 486 M.

128 497 223 526 Marii
254 497 426 528 Gratidiani
452 505 536 538 pater
566 497 721 528 naturalis.
754 498 873 528 Doctus
904 498 1018 529 Graecis

128 539 234 576 literis,
251 540 348 570 factus
364 541 401 570 ad
417 540 590 571 dicendum.

170 584 218 612 M.
237 583 403 617 Gratidius,
428 583 528 613 Flacc.
547 587 597 613 21.
614 583 652 613 ad
668 583 709 620 Q.
727 583 778 613 Fr.
796 583 824 620 I,
847 586 872 613 1.
888 584 918 613 3.
935 584 1017 623 lega-

127 631 176 655 tus
192 626 232 663 Q.
250 625 350 655 fratris
367 626 397 655 in
415 626 500 656 Asia.
524 626 609 656 Eum
625 626 761 663 Quintus
782 625 892 655 dicitur
907 633 941 655 ut
956 627 1018 656 fra-

125 673 201 697 trem
229 667 355 704 amasse,
383 674 412 698 et
438 669 501 708 ipse
527 668 658 698 fraterno
678 668 709 697 in
734 669 894 698 Cicerones
915 669 1017 698 animo

124 710 228 740 fuisse.
245 711 329 740 Eum
340 717 414 751 puto
427 717 479 740 aut
489 711 581 750 hujus
592 711 752 750 superioris
764 711 895 741 Gratidii
905 711 1015 749 filium,

125 752 297 782 Gratidiani
309 753 444 790 fratrem,
461 759 525 790 aut,
542 753 664 794 quando
676 759 848 794 temporum
865 753 940 783 ratio
956 764 1017 784 non

124 795 214 835 plane
229 797 387 834 consentit,
410 802 560 836 nepotem.
587 797 779 826 Memoratur
799 796 890 825 etiam
914 796 1017 826 Grati-

124 838 203 875 dius,
223 838 290 868 trib.
305 839 384 878 pleb.
411 839 545 869 Lentulo
568 839 729 878 Spinthere
745 845 774 868 et
798 838 926 868 Metello
942 849 1015 869 coss.

122 881 162 910 ad
178 881 218 918 Q.
236 881 288 910 Fr.
311 881 339 915 I,
365 883 394 911 4.
415 881 467 911 sed
488 881 561 921 quia
579 891 732 921 nusquam
752 881 830 910 inter
855 882 920 919 ejus
943 882 1015 911 anni

122 923 260 953 tribunos
275 934 293 953 a
309 924 454 954 Cicerone
476 923 634 953 Gratidius
649 923 835 959 nominatur,
854 923 1015 954 Manutius

124 967 286 997 Fabricius
315 966 375 1007 legi
400 967 530 1003 volebat,
558 967 706 1006 probante
731 965 907 1001 Lambino;
933 967 1016 996 Gru-

123 1014 204 1039 terus
220 1016 322 1039 autem
346 1009 435 1039 Fadii
451 1018 618 1049 cognomen
635 1014 725 1049 putat
738 1019 814 1045 esse,
834 1009 888 1049 qui
903 1019 937 1038 eo
951 1009 1017 1039 loco

123 1052 262 1092 proxime
277 1052 425 1081 antecedit
442 1051 627 1081 Gratidium.

165 1096 212 1124 M.
232 1096 455 1130 Gratidianus,
473 1095 520 1125 M.
537 1093 669 1125 Gratidii
686 1093 845 1134 superioris
862 1093 904 1123 fil.
921 1093 1015 1135 adop-

121 1143 202 1167 tatus
217 1148 236 1167 a
254 1137 302 1167 M.
320 1137 435 1174 Mario,
458 1147 554 1177 eoque
575 1143 628 1166 aut
653 1136 689 1166 C.
707 1136 802 1167 Marii
822 1136 930 1176 septies
945 1146 1016 1166 con-

120 1180 195 1211 sulis
211 1186 329 1220 patruo,
347 1186 382 1210 ut
398 1181 424 1210 Ι.
442 1180 477 1210 F.
499 1179 654 1209 Gronovio
669 1180 818 1219 placebat,
836 1178 912 1209 Obs.
925 1178 971 1213 ΙΙ,
985 1181 1016 1210 6.

121 1229 175 1252 aut
190 1224 254 1262 ejus
270 1222 370 1263 potius
385 1222 490 1259 fratre,
507 1228 541 1251 ut
557 1222 664 1251 multis
679 1222 766 1252 docet
783 1221 920 1251 Perizon.
938 1222 1018 1251 Ani-

120 1265 222 1295 madv.
239 1266 320 1295 Hist.
336 1276 361 1295 c.
382 1266 411 1295 3.
428 1276 459 1305 p.
476 1266 527 1295 98.
542 1274 624 1305 seqq.
650 1264 748 1304 Legg.
765 1262 831 1300 III,
859 1267 906 1294 16.
924 1264 1017 1295 homo

120 1308 323 1338 turbulentus.
358 1308 414 1338 Or.
439 1308 486 1343 ΙΙ,
512 1308 562 1336 68.
587 1308 625 1336 ab
649 1307 810 1337 Aculeone
836 1313 1015 1342 accusatur:

120 1350 293 1381 defenditur
306 1352 344 1381 ab
361 1350 399 1380 L.
417 1350 501 1380 AElio
517 1349 639 1379 Lamia.
663 1349 726 1381 Off.
746 1349 813 1385 III,
825 1351 877 1379 20.
894 1349 925 1378 in
940 1360 1019 1389 prae-

121 1394 191 1423 tura
207 1393 340 1423 edictum
355 1393 393 1422 de
409 1403 440 1423 re
455 1391 640 1427 nummaria,
663 1401 734 1421 cum
751 1391 867 1421 caeteris
882 1393 1019 1432 praetori-

120 1437 178 1466 bus
195 1442 224 1466 et
240 1436 308 1465 trib.
325 1436 367 1476 pl.
385 1444 558 1471 commune,
580 1435 663 1465 solus
678 1434 822 1474 proponit
837 1434 965 1470 callide;
989 1441 1019 1465 et

120 1479 156 1508 ea
179 1489 211 1508 re
231 1478 464 1518 gratiosissimus
489 1477 531 1507 fit.
557 1476 607 1506 De
630 1477 688 1506 hac
713 1486 745 1506 re
766 1476 837 1506 add.
855 1477 961 1507 Senec.
982 1478 1020 1508 de

121 1521 186 1558 Ira,
204 1521 272 1557 III,
292 1524 339 1554 18.
351 1527 381 1550 et
397 1521 477 1550 Plin.
489 1518 663 1555 XXXIII,
681 1520 710 1549 9.
726 1524 804 1548 extr.
819 1519 910 1549 Petit.
925 1519 1019 1550 Cons-

119 1564 151 1592 3.
175 1574 193 1594 a
219 1563 354 1593 Catilina
378 1563 538 1593 crudeliter
564 1561 753 1597 interficitur,
781 1563 857 1602 (quo
887 1563 1022 1602 respexit

120 1605 238 1636 Lucan.
265 1605 312 1644 II,
340 1608 407 1637 175.
431 1606 471 1635 V.
496 1604 587 1641 Intt.)
604 1610 634 1634 et
654 1603 779 1645 quidem
800 1604 888 1643 jussu
914 1605 1020 1635 Sullae.

119 1648 224 1678 Senec.
242 1648 262 1678 1.
279 1659 305 1678 e.

164 1693 309 1727 Gratius,
337 1691 428 1722 Arch.
454 1692 482 1721 4.
505 1696 660 1725 accusator
678 1687 809 1719 Archiae.
834 1688 920 1720 Olim
938 1689 1022 1731 Iege-
