1122 1868
95 111 159 142 296
312 111 460 144 INDEX
485 111 769 144 HISTORICUS.

92 197 159 236 ejus
170 197 302 228 oratione
316 198 348 228 in
364 199 485 230 laudem
501 198 606 240 patris,
624 204 653 229 et
669 198 706 229 de
721 203 806 239 patre
821 199 898 240 ipso,
916 200 976 232 vid.

96 240 177 269 Plin.
195 240 237 269 H.
253 241 295 270 N.
313 241 392 280 VII,
408 242 460 271 43.

141 284 177 318 Q.
196 285 351 321 lise-tellus,
363 285 402 322 Q.
415 284 455 314 fil.
467 285 505 314 L.
517 295 584 325 nep.
597 285 827 315 Macedonicus.
851 285 975 316 Muren-

98 326 146 355 14.
162 325 199 355 de
216 327 473 368 Pseudophilippo
489 328 665 368 triumphat.
691 329 744 357 Br.
764 329 816 357 21.
846 334 978 368 quatuor

95 368 172 397 filios
191 370 358 400 consulares
382 370 499 407 habuit,
525 381 634 410 nempe
664 370 816 408 Quintum
842 371 979 400 Baleari-

91 420 174 447 cum,
188 412 241 451 qui
267 422 336 442 cum
361 413 512 442 Flaminio
533 414 636 443 consul
658 413 728 450 fuit,
749 414 787 443 L.
812 413 978 443 Diadema-

92 458 171 489 tum,
203 455 358 493 Marcum,
389 456 534 495 collegam
560 456 664 485 Scauri
694 455 725 484 in
754 456 922 493 consulatu,
948 462 978 486 et

92 494 204 526 Caium
225 498 416 538 Caprarium,
441 499 493 539 qui
516 498 691 528 candidatus
715 499 886 528 consulatus
902 504 976 537 erat,

90 548 160 568 curn
184 547 349 570 moreretur
372 547 466 581 pater.
490 541 563 570 Vid.
592 541 672 570 Plin.
695 540 775 578 VII,
795 544 843 570 13.
869 547 897 571 et
923 545 975 572 44.

90 581 160 611 add.
180 582 331 612 Harduin.
349 583 420 613 Em.
441 583 479 612 L.
496 591 525 613 et
540 583 616 613 duas
631 584 720 619 filias,
733 593 793 613 non
810 589 878 613 tres.
902 585 975 615 Vid.

90 624 228 654 Perizon.
246 625 327 655 Hist.
341 626 447 655 Anim.
465 636 489 656 c.
510 629 558 656 15.
586 626 680 656 Dom.
697 628 748 656 47.
764 637 838 656 avus
855 627 892 656 Ρ.
908 628 976 657 Ser-

88 666 152 696 vih'i
171 666 305 704 Isaurici,
323 674 351 698 et
366 678 494 709 proavus
519 669 555 698 P.
569 669 727 708 Scipionis.
762 669 840 708 Ejus
858 670 938 699 bona
957 681 976 700 a

89 707 126 739 C.
144 710 249 739 Atinio
265 711 417 748 Labeone,
432 711 500 741 trib.
511 712 553 751 pl.
564 718 784 749 consecrantur,
795 711 858 741 sine
869 712 976 743 fraude

88 752 161 790 ejus.
180 753 270 782 Font.
288 755 318 788 7.
338 754 369 783 in
385 753 427 791 Q.
444 754 626 794 Pompeium
640 754 751 785 frustra
766 754 974 786 testimonium

89 794 169 825 dicit.
196 795 247 826 Cf.
270 796 307 825 de
329 795 429 826 Amic.
447 800 498 826 21.
531 797 618 826 Offic.
636 797 663 832 I,
687 800 738 828 ⁴25.
760 797 838 826 inter
856 808 925 827 eum
946 805 975 828 et

87 837 272 868 Africanum
287 839 435 869 minorem
452 839 617 869 inimicitiae
633 840 696 870 sine
710 840 881 871 acerbitate.
896 841 974 880 Ejus

89 880 180 910 etiam
194 881 227 910 fit
243 882 356 911 mentio
369 883 422 911 ΒΥ.
441 883 491 912 56.
516 883 571 913 Or.
589 882 618 919 Ι,
635 884 686 913 48.
704 885 759 913 &a

134 924 171 959 Q.
198 926 345 955 Metellus
372 925 563 962 Balearicus,
597 925 718 956 Maced.
742 926 778 956 F.
802 926 893 956 Brut.
919 926 971 962 74.

87 976 158 996 cum
180 967 220 996 T.
243 967 395 998 Flaminio
419 969 534 1007 consul,
551 969 594 998 A.
618 969 691 998 630.
716 969 788 1000 Div.
806 970 835 1007 1,
857 972 887 1000 3.
907 970 972 1008 ejus

90 1008 153 1039 filia
170 1009 302 1040 Caecilia.

133 1053 170 1088 Q.
188 1055 343 1090 Metellus,
360 1054 398 1083 L.
419 1054 505 1084 Calvi
520 1054 563 1083 fil.
587 1055 795 1092 Numidicus,
808 1065 826 1084 a
846 1055 976 1086 victoriis

87 1094 125 1125 de
141 1096 163 1125 J
167 1096 299 1135 ugurtha
310 1097 474 1137 reportatis.
502 1097 590 1127 Brut.
603 1100 654 1127 35.
671 1098 708 1128 de
720 1097 836 1137 republ.
856 1097 974 1128 dicebat

87 1138 158 1168 satis
173 1140 258 1169 bene.
277 1139 392 1170 Consul
405 1150 474 1169 cum
487 1140 535 1169 M.
547 1140 661 1177 Silano,
672 1141 714 1170 A.
728 1141 799 1170 645.
822 1141 907 1170 Sext.
920 1142 972 1175 47.

88 1180 125 1210 L.
144 1182 344 1212 Saturninum
359 1194 377 1212 a
392 1192 481 1212 censu
498 1182 644 1222 prohibet.
674 1182 796 1213 Cluent.
812 1183 863 1212 35.
880 1183 974 1214 Doni.

85 1224 136 1253 31.
161 1225 244 1254 Sext.
266 1229 311 1255 16.
328 1226 394 1265 lege
401 1225 556 1255 Saturnini
568 1225 696 1264 ejicitur,
707 1225 789 1266 quod
803 1226 834 1255 in
851 1226 915 1264 ejus
929 1226 973 1256 le-

84 1276 154 1306 gem
170 1268 272 1306 jurare
295 1268 396 1298 nollet.
421 1268 509 1305 Quir.
537 1278 567 1308 p.
592 1269 668 1298 Red.
695 1270 724 1298 3.
748 1269 779 1298 in
801 1270 902 1299 Senat.
921 1269 971 1299 15.

89 1309 147 1339 διο.
165 1316 332 1348 revocatur,
360 1311 536 1351 deprecante
558 1311 631 1347 filio,
657 1317 686 1341 et
706 1310 768 1341 tota
787 1311 915 1348 familia,
943 1317 973 1342 et

89 1351 214 1392 quidem
241 1354 360 1387 (Plane.
382 1354 437 1390 28)
459 1354 524 1394 lege
548 1354 589 1391 Q.
607 1354 727 1384 Calidii.
751 1354 789 1384 ad
805 1354 876 1384 Div.
894 1355 924 1392 Ι,
940 1356 971 1385 9.

85 1400 153 1434 post
177 1395 318 1426 exsilium
342 1396 436 1426 fracto
460 1397 561 1426 animo
584 1396 676 1427 fuisse
698 1397 817 1427 dicitur.
833 1397 923 1427 Balb.
936 1399 968 1428 5.

87 1436 126 1466 de
152 1439 324 1477 repetundis
353 1445 519 1475 accusatus,
548 1447 698 1480 quantum
724 1439 794 1469 fidei
820 1439 970 1470 habuerit.

87 1480 156 1509 Att.
181 1480 208 1515 I,
241 1485 287 1511 16.
311 1483 375 1521 ejus
400 1483 518 1512 tabulas
538 1482 655 1521 judices
680 1483 788 1512 nolunt
816 1482 973 1522 inspicere.

87 1521 177 1552 Verr.
194 1523 236 1560 V,
250 1527 301 1554 66.
318 1525 416 1555 noluit
432 1526 603 1555 laudatione
615 1525 670 1556 suit
682 1526 789 1563 juvare
804 1525 910 1555 sororis
925 1526 971 1556 vi-

86 1574 167 1601 rum,
185 1566 222 1595 L.
238 1566 413 1597 Lucullum.
430 1568 525 1598 Arch.
542 1569 572 1598 3.
589 1568 645 1598 Or.
663 1567 727 1605 ΙΙΙ,
748 1569 796 1598 18.
813 1569 870 1598 &c.

142 1608 179 1643 Q.
208 1607 363 1647 Metellus,
398 1611 439 1647 Q.
476 1610 634 1641 Numidici
668 1611 760 1646 filius,
797 1612 886 1641 Pius.
913 1610 969 1641 Or.

86 1650 136 1688 II,
153 1652 204 1681 40.
222 1651 310 1688 Quir.
327 1663 357 1692 p.
372 1653 412 1682 R.
429 1654 459 1682 3.
485 1654 517 1684 in
530 1656 600 1685 Sen.
622 1665 653 1694 p.
668 1654 709 1684 R.
728 1654 776 1683 15.
803 1653 896 1694 patris
918 1664 970 1683 ex-

87 1692 189 1723 silium
212 1694 261 1734 pie
287 1695 377 1732 luxit,
409 1702 438 1725 et
463 1707 517 1736 pro
547 1707 581 1727 eo
610 1697 760 1737 populum
796 1696 971 1736 deprecatus

88 1741 151 1771 est;
179 1736 260 1767 unde
279 1743 308 1768 et
330 1738 378 1767 Pii
393 1748 503 1768 nomen
524 1740 604 1769 tulit.
641 1740 732 1770 13an.
750 1741 780 1769 2.
804 1740 852 1774 17.
868 1745 971 1769 contra

83 1779 255 1811 Sertorium
282 1781 397 1811 bellum
424 1781 509 1822 gerit.
548 1782 625 1813 Sull.
650 1785 702 1814 25.
727 1793 745 1813 a
770 1782 807 1813 C.
835 1780 978 1823 Cethego
