1137 1848
345 57 495 90 INDEX
518 58 802 92 HISTORICUS.
953 60 1016 90 225

128 141 200 172 dam
215 142 320 179 animi,
332 149 361 174 et
370 144 468 175 soluto
479 145 634 186 liberoque
646 146 759 181 animo,
770 146 874 176 futura
884 155 1015 186 praesen-

128 184 175 214 tit.
198 185 274 226 Leg.
292 185 338 224 ΙΙ,
361 191 370 218 l
384 191 407 218 1.
432 187 481 218 De
497 189 561 227 ejus
578 194 664 218 aetate
684 199 744 218 non
760 189 951 219 consentiunt
965 198 1017 218 ve-

127 233 211 257 teres.
237 229 389 270 Tempore
405 237 518 271 septem
535 231 712 271 Sapientsmi
738 232 858 268 vixisse,
875 231 1012 271 plerique

127 272 326 301 consentiunt.
351 272 400 303 De
415 284 449 303 eo
466 285 493 304 v.
511 274 614 303 La'e'rt.
629 273 656 310 I,
672 275 740 304 109.
755 285 820 314 sqq.
837 274 917 303 etibi
934 275 1012 303 viros

127 312 238 384 (Iloctos.
260 315 425 356 Scriptores
436 316 473 347 de
489 327 523 346 eo
538 317 651 347 multos
666 317 771 346 laudat
784 317 902 347 fabric.
919 317 960 347 Β.
972 318 1011 346 G.

147 378 155 393 ,
173 357 203 386 6.

172 400 216 429 M.
234 402 369 440 Eppius,
389 402 427 432 ad
442 403 510 432 Att.
528 401 626 442 VIII,
647 406 694 434 ll.
718 403 933 443 Pompeianus.
947 402 1014 432 lau—

131 441 231 473 datur.
248 445 296 474 Cf,
311 445 394 474 Hirt.
411 446 450 475 Β.
466 445 537 475 Afr.
555 449 605 477 89.

169 487 338 525 Eppuleia,
352 487 390 517 ad
406 488 478 518 Div.
496 488 556 526 VI,
577 492 624 519 12.
642 499 718 519 uxor
733 490 768 519 T.
785 488 895 529 Ampii
907 487 1010 517 Balbi.

126 529 275 567 Eppuleia
299 536 344 560 est
367 531 457 569 etiam
481 531 512 560 in
539 532 732 573 inscriptione
755 543 802 572 ap.
829 532 963 561 Fabrett.
983 541 1014 570 p.

127 572 199 601 310.
231 574 392 611 Eppuleius
414 584 462 614 ap.
489 574 639 605 Murator.
668 576 762 605 Inscr.
785 585 815 615 p.
832 576 905 604 315.
933 584 962 603 n.
982 577 1012 603 2.

126 612 211 644 Inter
226 616 401 654 Appuleius
417 623 445 646 et
459 618 634 656 Eppuleius
649 618 767 648 variant
781 618 850 647 libri
866 618 895 646 in
910 616 1013 647 Servio

126 657 165 686 ad
182 657 266 698 Virg.
282 659 355 688 AEn.
370 659 468 697 VIII,
483 662 553 695 255.
570 672 617 702 ap.
633 661 666 691 P.
684 661 911 691 Bur-mannum.

168 700 275 740 Equus
295 703 444 742 Jrqjmus,
458 703 496 732 ad
512 703 584 734 Div.
601 704 681 740 VII,
703 707 750 734 14.
766 703 869 733 fabula
885 702 976 732 Livii.

170 743 398 782 Eratosthenes,
412 745 450 775 ad
466 747 529 775 Att.
544 747 591 785 II,
609 748 637 776 (ἱ.
656 746 865 787 Geographica
880 745 1008 786 scripsit.

127 785 176 815 Ea
200 787 256 817 sibi
280 789 385 818 Cicero
401 796 607 828 proposuerat,
625 800 695 820 cum
717 788 926 829 Geographica
941 788 1012 818 scri-

124 830 193 859 bere
214 831 385 872 susciperet.
411 831 509 861 Valde
530 832 802 873 reprehendebatur
817 842 835 861 a
851 831 1013 871 Serapione

125 878 154 901 et
170 872 365 913 Hipparcho:
393 874 430 904 de
452 875 538 913 cujus
554 875 755 915 disputatione
770 874 911 904 adversus
933 873 1011 903 Era-

124 915 292 946 tosthenem
309 928 336 947 v.
353 918 450 948 strab.
475 916 501 955 I,
524 929 553 958 p.
575 919 621 947 15.
641 920 804 958 Cyrenaeus
828 917 897 954 fuit,
923 915 1011 946 disci-

122 957 214 997 pulus
235 959 387 990 Aristonis
414 960 495 997 Chii,
519 961 629 1000 insigni
650 961 816 990 eruditione
837 959 890 989 vir.
924 959 1013 989 Vixit

122 1001 320 1033 Alexandriae
355 1009 490 1043 tempore
528 1003 687 1033 Ptolemaei
723 1003 892 1042 Euergetae.
930 1002 1010 1040 Ejus

123 1043 332 1085 Geographica
347 1046 378 1075 in
394 1056 505 1086 magno
521 1046 616 1086 pretio
632 1046 713 1087 apud
729 1047 884 1076 Romanos
907 1044 1009 1083 fuisse,

124 1086 215 1116 etiam
242 1098 279 1117 ex
301 1090 419 1118 Caesare
446 1089 580 1129 colligas,
604 1090 657 1129 qui
684 1099 754 1119 eum
781 1087 972 1129 potissimum
992 1097 1009 1117 e

123 1129 237 1159 Graecis
252 1132 400 1167 nominat,
412 1132 465 1161 ubi
481 1131 517 1161 de
530 1132 605 1162 silva
621 1132 776 1172 Hercyniit
797 1131 869 1171 agit.
893 1130 942 1160 De
966 1131 1008 1161 B.

122 1172 161 1202 Cr.
188 1173 249 1210 VI,
275 1175 327 1204 24.
368 1175 538 1205 Censuram
564 1175 655 1205 totius
679 1174 776 1215 operis
806 1173 1008 1214 Geographici

120 1215 183 1255 agit
198 1217 317 1255 Strabo,
339 1217 394 1248 lib.
411 1216 439 1253 Ι,
463 1223 492 1247 et
509 1217 555 1254 ΙΙ,
573 1218 625 1248 ubi
641 1217 791 1258 imprimis
806 1222 919 1253 monet,
937 1226 1009 1246 eum

119 1258 315 1290 occidentales
328 1266 357 1290 et
371 1260 628 1300 septemtrionales
640 1261 773 1300 Europae
789 1265 888 1300 partes
898 1269 1007 1299 parum

119 1301 252 1341 cognitas
267 1302 417 1333 habuisse.
449 1303 566 1333 Melius
588 1303 625 1333 de
641 1314 675 1333 eo
687 1302 804 1342 judicat
818 1302 871 1332 lib.
888 1301 1002 1332 XVII.

120 1344 192 1375 Vid.
210 1345 339 1376 Casaub.
356 1346 394 1375 ad
409 1346 507 1375 Strab.
524 1356 593 1386 pag.
614 1347 662 1375 15.

164 1388 361 1425 Erechtheus,
373 1389 420 1418 vel
433 1389 626 1426 Ericlatlzeus,
637 1390 721 1419 Sext.
730 1389 780 1418 21.
794 1398 845 1417 rex
864 1387 1004 1425 Athenis,

119 1431 207 1469 cujus
222 1431 293 1461 filiae
309 1432 403 1461 vitam
420 1441 474 1471 pro
490 1432 594 1471 patriae
609 1432 706 1461 salute
722 1432 914 1461 contemsere.
938 1431 1006 1460 Fin.

119 1473 162 1510 V,
176 1476 227 1502 22.
246 1474 287 1503 N.
302 1474 342 1504 D.
361 1473 425 1510 ΙΙΙ,
447 1475 493 1504 19.
510 1480 692 1514 quapropter
705 1474 780 1504 Deae
795 1480 865 1504 sunt
874 1473 1005 1504 Athenis

118 1516 241 1553 habitae,
258 1517 361 1557 ibique
377 1517 537 1546 delubrum
550 1517 672 1547 habent.

162 1561 309 1598 Eretrici,
327 1561 373 1590 vel
392 1561 562 1597 Eretriaci,
589 1559 644 1589 Or.
665 1561 734 1597 111,
754 1560 803 1595 17.
826 1559 922 1589 Acad.
942 1557 1002 1593 IV,

118 1603 168 1631 42.
185 1612 281 1642 genus
296 1603 547 1643 philosophorum
559 1603 778 1633 Socraticorum
788 1613 806 1632 a
822 1602 1006 1632 Menedemo

117 1644 271 1675 Eretriaco
286 1653 399 1683 ortum,
416 1645 470 1686 qui
485 1656 500 1675 e
515 1645 618 1675 scholii
633 1645 740 1676 Eliaca
754 1645 822 1676 fuit.

159 1689 327 1729 Eriphyla,
338 1689 386 1719 vel
398 1689 560 1729 Eriphyle,
577 1688 666 1719 Verr.
683 1689 726 1728 V,
745 1689 795 1719 18.
818 1687 1002 1730 Amphiarai
