1122 1868
150 47 210 77 142
366 47 513 79 INDEX
537 48 827 81 HISTORICUS.

149 132 293 206 ΟΙΑῙέζξὶ,
314 140 385 164 sunt
406 134 544 166 Claudiae
563 135 697 174 familiae,
722 136 760 167 de
779 136 891 178 quibus
912 135 973 167 vid.
1001 136 1033 167 in

189 186 227 206 au
251 186 297 206 ns.

150 261 168 292 x
189 219 363 259 Apronius,
379 219 467 251 Verr.
484 219 549 260 111,
567 222 618 251 44.
633 222 725 253 homo
740 220 848 260 foedus,
861 220 898 253 de
912 221 1034 253 cohorte

169 261 263 292 Uerris.

195 306 231 339 Q.
253 307 423 346 Apronius,
443 307 531 338 Verr.
555 307 616 345 IV,
637 310 669 339 9.
690 308 829 349 princeps
851 307 1036 338 decumano·

147 357 228 378 rum.

188 391 362 432 Apronius,
388 392 500 423 Milon.
525 394 576 428 27.
597 393 727 433 juvenis.
752 393 802 424 Sic
822 394 926 434 vulgg.
953 392 1035 434 quod

147 442 313 465 correctum
329 442 373 466 est
385 437 534 476 Aponius.

188 478 228 508 L.
253 478 406 518 Apuleius
424 479 617 516 Saturninus,
639 480 727 509 Brut.
751 480 801 509 62.
825 479 1035 509 seditiosorum

145 526 216 560 post
240 521 390 552 Gracchos
411 522 683 562 eloquentissimus.
719 522 825 561 Hujus
847 522 961 552 tribuni
988 522 1030 562 pl.

146 573 224 604 saepe
239 565 353 595 mentio
373 570 417 595 est
435 575 484 605 ap.
508 565 693 595 Ciceronem.
718 564 767 594 De
784 564 902 604 legibus
923 566 988 603 ejus
1004 575 1032 594 v.

145 605 177 635 in
206 605 274 636 Ind.
301 608 397 648 Legg.
419 608 456 637 de
476 608 541 648 ipso
564 614 667 637 autem
689 607 845 637 Plutarch.
863 607 895 636 in
921 607 1034 637 Mario.

143 648 281 689 Appian.
296 651 335 680 B.
353 652 387 680 C.
406 651 443 680 L.
462 650 489 687 I,
504 652 561 681 ἃς.
587 651 702 689 Appul.
716 660 775 679 non
790 651 889 689 Apul.
903 650 1035 681 scriben-

149 691 224 722 dum
240 692 326 723 docet
341 694 489 723 Burman.
507 694 545 723 ad
560 694 643 723 Suet.
661 694 742 733 Aug.
760 703 785 723 c.
801 697 869 723 100.

187 735 321 774 Apuleia
337 736 443 776 populi
459 736 540 778 (Ait.
563 735 621 774 IV,
647 740 698 774 11)
713 736 822 766 dicitur
838 736 878 766 P.
895 735 1031 773 Clodius,

144 784 266 818 propter
287 779 445 810 seditiones
471 786 500 810 et
517 779 666 809 libidines.
699 779 891 817 Tunstallus,
915 778 976 818 Ep.
996 778 1035 808 ad

145 819 289 852 Middlet.
313 833 344 862 p.
366 823 418 860 98,
432 823 551 853 mavult
565 822 693 863 intelligi
705 821 844 852 Clodiam
859 833 867 852 ε
892 828 1035 852 caeterum

145 863 247 894 locum
262 865 404 895 vitiosum
419 871 515 906 putat.

188 907 230 938 L.
256 908 424 947 Apuleius,
452 908 524 939 Div.
551 911 599 939 15.
627 907 809 949 subscriptor
838 907 880 946 Q.
907 906 1033 945 Caecilii,

144 950 231 980 nullo
246 961 303 981 usu
319 951 439 981 forensi.

190 993 230 1022 L.
248 994 410 1033 Apuleius,
433 994 537 1025 Plane.
553 998 600 1025 ll.
617 1000 726 1035 praetor
736 992 938 1030 Macedoniae,
951 1003 1036 1034 quae-

147 1040 225 1066 store
241 1036 301 1067 Cn.
319 1037 454 1068 Plancio.

187 1079 354 1118 Apuleius,
371 1080 409 1110 ad
424 1080 496 1111 Div.
516 1079 616 1118 XIII,
634 1081 685 1110 45.
701 1084 887 1121 proquaestor
909 1078 941 1109 in
956 1078 1035 1109 Asia}

146 1121 188 1159 Q.
204 1122 341 1163 Philippi
357 1123 553 1163 proconsulis.

188 1166 227 1195 P.
244 1166 409 1204 Apuleius,
427 1166 509 1196 Phil.
526 1166 587 1203 VI,
605 1170 633 1197 l.
647 1166 715 1196 trib.
731 1166 773 1206 pl.
791 1165 894 1195 Hirtio
909 1171 939 1195 et
951 1164 1033 1194 Pan-

144 1207 178 1238 s'a
194 1208 278 1238 Coss.
297 1208 475 1238 Ciceronem
490 1209 640 1250 producit,
662 1215 691 1239 et
706 1208 743 1238 de
759 1208 807 1238 M.
823 1208 962 1238 Antonio
984 1207 1033 1237 in-

141 1255 283 1291 terrogat.
300 1251 382 1281 Phil.
397 1250 492 1289 XIV,
510 1254 540 1282 6.
563 1252 739 1283 Ciceronem
755 1261 773 1280 a
787 1251 956 1291 suspicione
971 1249 1033 1280 fas-

145 1293 227 1324 cium
242 1293 281 1323 ad
295 1295 444 1335 populum
460 1295 576 1326 liberat.
600 1295 669 1325 Att.
692 1292 774 1332 XH,
793 1297 843 1331 13,
860 1297 907 1324 14.
924 1293 959 1323 fit
976 1303 1032 1323 au-

145 1346 213 1377 gur.

187 1380 355 1420 Apuleius,
369 1380 539 1421 praediator,
550 1380 619 1410 Att.
633 1378 714 1417 XII,
730 1382 778 1411 13.
795 1381 844 1412 17.
866 1379 1031 1409 Diversum

143 1428 253 1463 putant
267 1424 305 1453 ab
321 1424 456 1464 Apuleio
474 1434 599 1463 augure,
619 1423 673 1464 qui
693 1423 724 1452 in
744 1422 850 1453 eadem
871 1432 917 1462 ep.
933 1422 1032 1452 nomi-

143 1471 242 1495 natur.
267 1466 309 1495 Et
325 1467 365 1496 sic
377 1466 506 1503 videtur,
520 1466 601 1506 quod
613 1466 734 1496 additur
741 1467 912 1505 praedicitur
920 1479 931 1501 ;
949 1464 1031 1505 quod

144 1507 344 1538 distinctionis
364 1509 454 1539 causa
474 1509 600 1546 factum,
617 1509 871 1539 verisimillimum
895 1514 947 1538 est.
977 1508 1032 1537 An

148 1550 228 1581 idem
247 1557 289 1581 est
306 1551 348 1587 V,
370 1555 379 1581 l
399 1554 413 1582 Ρ

186 1594 306 1634 Aquila
329 1595 425 1628 (Phil.
445 1594 506 1633 XI,
527 1596 560 1629 6)
582 1596 724 1629 Pontius,
749 1594 786 1624 de
807 1592 1031 1635 percussoribus

143 1636 280 1674 Caesaris,
296 1637 334 1667 L.
351 1637 501 1667 Plancum
519 1638 669 1668 Pollentia
682 1637 815 1678 expellit.

189 1681 226 1714 Q.
248 1681 407 1720 Aquillius
435 1681 554 1718 Gallus,
580 1680 659 1711 Caec.
684 1682 736 1716 27.
759 1680 861 1710 JCtus
877 1688 1028 1715 summus,
