1122 1868
151 53 191 82 42
417 50 565 83 INDEX
589 52 763 83 LEGUM.

150 138 234 168 Nam
250 143 317 168 tum
333 148 349 168 e
365 138 544 177 Sempronia
566 138 633 179 lege
653 139 768 179 equites
783 138 838 169 soli
850 139 1036 179 judicabant.

153 180 225 211 Vid.
242 180 354 211 Ascon.
372 182 409 211 ad
425 183 445 211 1.
463 192 487 212 c.

195 225 312 261 Plotia,
326 224 461 263 ejusdem
477 225 542 254 trib*
558 226 594 254 (le
606 226 636 254 υἱ
651 225 781 254 armatis
795 225 980 264 hominibus,
1001 231 1037 255 ut

151 266 189 297 de
210 267 276 305 ejus
301 267 398 307 capite
424 274 618 307 quaereretur,
643 268 697 307 qui
719 267 780 296 vim
807 267 932 297 fecisset.
960 264 1040 306 Ejus

152 320 231 350 saepe
242 310 357 339 mentio
373 310 454 350 apud
470 310 658 345 Ciceronem,
683 321 710 339 v.
727 320 751 339 c.
771 320 825 350 pro
842 310 911 340 Mil.
934 321 960 341 c.
979 311 1038 346 13;

153 352 192 382 ad
208 352 280 383 Div.
294 352 394 389 VIII,
408 354 427 382 8
441 363 450 388 3
475 352 513 382 ad
530 353 595 382 Att.
613 353 672 382 lv.
698 352 770 382 vid.
791 353 894 393 Sigon.
910 353 948 383 de
962 353 1039 383 Jud.

154 395 204 431 ΙΙ,
220 395 273 424 33.
305 395 364 425 Sed
386 395 428 425 ibi
449 395 578 435 graviter
598 401 675 426 errat
691 395 736 425 vir
756 395 871 431 doctus,
888 405 958 425 cum
974 406 1041 426 eam

153 438 253 478 legem
274 438 448 468 auctoritate
470 438 572 468 Catuli
592 439 685 468 latam
709 438 792 475 dicit,
817 438 952 479 adeoque
967 438 1042 468 duas

154 480 236 521 leges
251 480 420 517 confundit,
434 487 463 511 et
478 491 532 521 pro
548 481 610 510 unzi
625 481 726 517 habet,
743 491 812 521 quae
827 481 908 522 apud
925 481 1044 512 Cicero-

155 533 227 553 nem
252 534 330 564 saepe
354 524 592 563 distinguuntur.
628 524 695 553 Lex
716 525 850 554 Lucania
875 525 991 561 Catuli,
1006 524 1044 554 de

156 566 219 606 qu&
239 576 340 606 supra,
362 567 488 596 severior
507 566 565 596 fuit
586 566 702 604 Ρίοτίἂ,
724 573 753 597 et
768 566 868 597 sanxit
890 573 1043 607 praeterea,

157 615 204 644 ut,
220 609 464 649 quibuscumque
479 609 595 646 diebus,
612 609 703 639 etiam
718 609 812 646 festis,
834 609 945 650 quibus
961 610 1047 640 nulla

159 653 376 682 exercebantur
399 652 525 691 judicia,
550 652 588 681 de
609 653 639 681 vi
662 652 756 693 quaeri
772 659 871 692 posset
886 663 924 682 ex
941 652 1045 683 Plotini

158 694 234 734 lege.
263 695 371 735 Itaque
387 704 447 724 non
463 695 500 724 de
516 694 633 732 Plotid,
650 695 701 725 sed
716 695 752 725 de
763 694 909 733 ΙΛιιαιὶᾶ,
926 695 1046 737 capien-

158 737 216 767 dus
235 743 279 767 est
294 737 409 773 Cicero,
426 747 480 778 pro
498 737 604 774 Coelio,
623 739 662 767 ab
679 737 745 768 init.
769 748 839 768 curn
865 738 964 778 legem
985 749 1048 769 esse

158 780 242 817 dicit,
256 790 324 820 quae
339 780 473 820 quotidie
488 781 583 820 quaeri
595 781 701 819 jubeat
716 782 751 810 de
766 782 797 810 vi
805 782 936 811 armatis
947 783 1047 811 homi-

157 823 257 852 nibus.
274 823 438 859 Caeterum,
455 823 529 863 quid
545 823 582 853 sit
595 824 649 861 vis,
666 823 752 854 docet
767 824 882 861 Cicero,
904 834 959 864 pro
980 824 1048 855 Cae-

159 865 239 902 cina7
253 867 284 903 9,
298 866 347 895 15.
387 866 512 903 Coelius,
529 866 567 896 ad
583 866 655 896 Div.
672 866 772 903 VIII,
789 868 821 902 8,
838 867 949 904 scribit,
961 868 1048 898 Sem-

158 909 301 949 pronium
318 908 438 938 Rufum
449 909 552 939 tulisse
567 909 730 939 accusatori
745 919 799 939 suo
809 909 925 940 Tuccio
934 911 1050 941 calum-

159 951 255 987 niam„
268 961 399 992 eumque
411 961 495 981 reum
512 951 614 982 fecisse
628 952 694 992 lege
711 951 814 982 Plotia
831 952 868 983 de
879 953 919 983 vi.

203 995 349 1034 Pompeia
355 994 443 1034 judi
445 996 546 1032 ἰανίιι,
562 994 624 1024 lata
638 996 676 1025 ab
694 997 751 1025 Cn.
771 997 916 1035 Pompeio
930 995 962 1025 in
977 1005 1048 1026 con-

161 1038 263 1067 sulatu
279 1037 422 1075 secundo,
438 1038 481 1068 Α,
499 1038 539 1068 U.
558 1039 619 1067 6118
633 1048 642 1073 3
667 1049 728 1078 qua
743 1038 808 1078 lege
823 1044 957 1069 servatur
978 1040 1048 1080 qui-

161 1080 232 1110 dem
245 1081 397 1115 Aarelz·a‚·
420 1081 472 1110 sed
494 1080 551 1111 hoc
576 1080 726 1119 adjicitur,
744 1087 779 1111 ut
801 1081 989 1121 amplissimo
1009 1092 1048 1112 ex

160 1133 263 1161 censu,
280 1133 295 1152 e
311 1123 461 1160 centuriis,
475 1123 561 1153 aliter
574 1133 667 1163 quam
683 1129 763 1160 ante,
777 1124 894 1162 judices
913 1124 1050 1164 legeren-

162 1173 222 1196 tur.
246 1165 319 1196 vid.
335 1166 447 1195 Ascon.
472 1166 509 1195 ad
527 1166 696 1196 Pisonianae
714 1176 739 1196 c.
755 1167 807 1197 39.
839 1166 918 1205 Ejus
933 1167 1048 1198 mentio

160 1208 244 1249 apud
260 1208 354 1239 Cicer.
371 1208 402 1237 in
421 1208 520 1239 Pison.
541 1209 562 1238 1.
579 1219 603 1239 c.
629 1209 709 1238 Phil.
728 1210 755 1245 Ι,
777 1210 806 1239 8.
830 1209 881 1239 Ex
897 1209 944 1239 his
959 1209 1048 1240 intel-

159 1251 276 1291 ligitur,
303 1251 455 1292 quomodo
479 1251 623 1291 capienda
645 1251 705 1281 sint
725 1252 882 1282 Plutarchi
902 1254 992 1283 verba
1015 1253 1047 1283 in

163 1294 322 1335 Pompeio,
338 1305 369 1334 p.
384 1295 458 1332 350,
483 1294 528 1324 ed.
546 1294 590 1325 VI
594 1294 656 1324 ech.
678 1307 732 1328 τας
752 1295 832 1328 &notg-
850 1294 984 1334 περιειδεν
1000 1307 1048 1324 αυ-

162 1338 210 1370 ἓις
226 1350 264 1371 εις
285 1349 349 1370 τους
371 1338 476 1370 ἱππεας
496 1348 569 1374 νομῳ
590 1343 840 1375 μεταφερομενας·
857 1347 966 1378 nempe
981 1338 1044 1369 ita.

161 1380 234 1410 Non
250 1379 341 1409 modo
356 1389 416 1409 non
428 1379 486 1409 adv
479 1385 600 1409 ersatus
612 1385 656 1409 est
668 1379 816 1419 rogationi
828 1381 974 1418 AareHae,
987 1381 1050 1422 qua

162 1422 278 1462 equites
300 1422 332 1451 in
358 1422 529 1452 societatem
547 1421 731 1461 judiciorum
755 1424 962 1458 vocabantur;
995 1423 1048 1454 sed

162 1464 271 1495 deinde
286 1465 376 1495 etiam
392 1465 499 1495 eodem
514 1465 671 1495 consulatu
686 1465 884 1503 confirmavit,
903 1466 966 1496 lata
980 1466 1047 1507 lege

162 1507 195 1537 in
211 1507 348 1537 eamdem
364 1508 556 1544 sententiam,
572 1508 624 1538 sed
638 1507 753 1546 adjecto
769 1507 865 1548 capite
879 1508 916 1538 de
931 1518 1032 1539 censu.

206 1551 356 1589 Pompeia
379 1551 414 1580 de
429 1551 469 1585 vi,
494 1556 537 1580 est
554 1552 610 1580 Cn
629 1551 768 1598 Pompeii
786 1550 818 1580 in
839 1551 926 1581 tertio
941 1561 1048 1582 consu-

162 1593 239 1629 latu,
255 1593 297 1622 A.
315 1593 355 1623 U.
372 1593 531 1629 701,1ata,
547 1604 609 1634 qua
621 1593 769 1623 sancitum
784 1599 838 1630 est,
855 1599 898 1628 m,
915 1595 953 1623 de
968 1595 1047 1624 caede

162 1637 198 1666 in
223 1634 275 1665 υἰᾶ
299 1635 406 1675 Appia
422 1633 529 1676 facili,
558 1642 646 1665 eitra
676 1636 782 1666 ordzm
784 1646 816 1665 m
843 1643 1046 1676 quaereretur.

162 1679 243 1708 Eam
257 1678 356 1718 legem
371 1688 530 1719 cognoscas
547 1678 617 1709 licet
637 1689 653 1709 e
676 1678 765 1709 Milo·
759 1678 860 1717 uana,
876 1685 905 1710 et
919 1679 1046 1710 Asconii

163 1726 351 1762 argumento.
