1122 1868
151 68 209 98 124
362 68 512 99 INDEX
535 68 818 100 HISTORICUS.

148 152 223 190 Dio,
242 153 425 192 XXXVII,
441 165 471 195 p.
485 156 537 193 50,
551 155 634 193 dicit,
651 165 722 185 eum
733 155 844 185 melius
858 154 966 184 saltare
976 163 1030 194 po-

149 202 252 233 tuisse,
270 207 364 236 quam
379 207 424 227 res
439 208 550 237 gerere.

191 240 229 269 P.
247 239 410 280 Africanus
425 241 533 279 major,
550 241 648 271 Acad.
666 240 712 277 II,
737 245 768 278 2,
793 239 965 271 Panaetium
987 249 1032 269 se-

147 292 218 312 cum
231 282 331 312 habet.
355 282 444 313 Offic.
463 283 508 319 ΙΙ,
526 286 577 320 22,
595 285 658 323 ejus
674 283 854 314 abstinentia
868 294 886 313 a
899 282 1033 312 Panaetio

147 325 298 354 laudatur.
324 325 372 355 De
393 325 447 356 Or.
474 326 538 363 ΙΙΙ,
564 329 596 363 7,
618 327 649 356 in
674 327 800 357 dicendo
824 325 930 366 gravis.
958 325 1036 355 Har.

150 368 244 408 Resp.
273 372 320 404 12,
345 379 398 409 pro
416 368 508 399 Corn.
527 370 555 406 Ι,
584 370 614 398 in
640 370 771 400 secundo
793 369 949 399 consulatu
965 377 1036 397 cuin

150 410 199 439 Ti.
231 411 339 451 Longo
368 412 515 442 senatoria
544 413 687 442 subsellia
716 423 734 442 a
764 412 869 453 populi
899 420 1037 441 consessu

149 459 266 493 separat
286 454 317 484 in
335 454 574 492 Megalensibus,
591 461 620 485 et
637 455 754 485 senatui
780 455 913 496 primum
935 454 1037 483 locum

149 496 210 526 dat.
236 496 284 526 De
300 496 354 527 Or.
373 496 419 531 II,
434 499 486 534 (17,
506 498 630 528 Censor.
647 498 736 528 offic.
756 497 782 534 Ι,
804 499 858 533 33,
876 497 940 535 ejus
956 495 1037 525 filius

150 539 200 573 (P.
220 539 305 576 Afr.)
324 540 360 569 L.
379 541 469 570 Pauli
490 541 587 570 filium
603 541 746 581 adoptat3
774 545 895 581 propter
910 538 1038 568 infirmi-

149 587 243 612 tatem
264 583 445 613 valetudinis
460 594 519 613 non
536 584 635 624 potuit
649 584 742 624 patris
758 583 864 613 similis
879 592 950 612 esse.
986 581 1038 610 Ad

150 625 238 655 Brut.
262 629 308 655 19.
341 626 414 655 Fuit
438 632 539 656 tamen
563 637 633 656 cum
655 633 739 666 patre
764 627 863 666 legato
883 623 982 654 fratris
998 623 1037 653 L.

149 667 297 708 Scipionis
309 668 340 697 in
352 669 431 698 bello
446 670 568 710 Syriaco
578 669 608 698 in
620 669 709 706 Asia,
722 669 791 699 Liv.
806 665 990 703 XXXVII,
999 667 1036 703 7;

150 716 179 740 et
194 721 303 750 augur,
321 713 374 747 40,
400 712 458 741 42:
483 712 537 742 ubi
552 723 579 742 v.
595 712 698 751 Sigon.
723 712 843 741 Habuit
861 716 890 740 et
909 710 1039 739 alterum

149 752 260 789 filium,
288 754 430 791 Cnaeum,
457 761 491 784 ut
517 755 651 795 appellat
671 755 773 785 Valer-
796 755 844 784 M.
873 752 933 790 IV,
950 754 981 790 5,
1004 752 1036 789 3,

150 806 242 836 quem
265 796 404 836 Pighius,
425 798 465 828 ad
480 802 522 828 A.
546 798 586 828 U.
606 798 679 833 579,
701 803 789 838 putat
804 807 867 827 esse
884 805 967 831 eum,
984 794 1037 835 qui

148 849 196 878 ap.
215 838 283 869 Liv.
304 839 395 875 XLI,
412 842 465 877 27,
482 841 520 870 L.
532 841 631 882 Scipio
641 840 761 878 dicitur,
772 846 889 881 praetor.
907 838 948 869 V.
959 838 1039 868 Tor-

149 891 212 911 ren.
226 882 265 911 ad
277 882 347 912 Val.
365 883 413 912 M.
425 883 445 912 l.
463 894 487 913 c.

194 924 231 954 P.
252 925 416 960 Afra-anus
443 927 554 963 minor,
580 926 669 957 Offie.
690 927 718 963 Ι,
741 927 794 962 32,
821 926 858 956 L.
882 923 972 955 Pauli
994 924 1037 954 fil.

149 967 191 997 V.
208 968 248 997 L.
263 970 388 998 Paulus
406 970 644 1005 Macedonicus,
655 980 673 999 a
688 979 750 1009 quo
767 968 954 999 AEmilianus
965 966 1039 997 dici-

150 1016 211 1047 tur,
228 1011 301 1051 quia
316 1012 440 1041 familiae
456 1013 593 1042 AEmiliae
613 1012 682 1041 fuit.
707 1011 784 1041 [bid.
799 1010 971 1051 eloquentia
986 1020 1038 1040 eu-

149 1054 248 1083 mulat
264 1054 335 1084 belli
350 1055 488 1094 gloriam.
511 1056 601 1084 Brut.
618 1058 671 1092 21,
688 1054 823 1084 Divinat.
841 1054 871 1083 in
889 1053 966 1083 Caec.
984 1055 1037 1089 21,

149 1103 268 1126 accusat
292 1097 330 1126 L.
358 1098 491 1127 Cottam.
525 1097 582 1128 Or.
612 1096 658 1133 ΙΙ,
685 1099 738 1133 67,
766 1097 855 1126 Brut.
881 1097 933 1132 87,
964 1106 1039 1133 sapum

148 1138 245 1168 dictus
258 1145 301 1169 est
316 1150 334 1169 a
350 1140 468 1169 Fannio
483 1140 514 1169 in
533 1140 667 1169 historia.
681 1139 731 1169 De
749 1139 814 1169 Fat.
833 1140 864 1175 7,
882 1140 938 1168 διε.
964 1137 1040 1167 Car-

149 1181 303 1221 thaginem
314 1182 402 1222 capit.
428 1183 516 1213 Verr.
529 1182 573 1218 II,
586 1184 617 1218 4,
635 1182 818 1221 Carthagine
833 1180 930 1222 capta,
954 1181 1041 1210 Sicu-

148 1224 186 1254 lis
207 1225 393 1254 monimenta
408 1236 462 1255 sua
478 1226 616 1255 restituit.
649 1225 720 1254 Mil.
743 1227 775 1261 3,
799 1224 849 1254 Ti.
867 1223 1040 1253 Gracchum

144 1267 213 1305 jure
228 1268 419 1298 interfectum
432 1278 486 1308 pro
502 1268 642 1298 concione
658 1268 856 1307 interrogatus
871 1265 1039 1306 respondet.

150 1310 240 1340 Offic.
256 1311 283 1347 1,
306 1312 358 1347 25,
375 1322 394 1340 a
415 1311 455 1348 Q.
474 1311 602 1341 Metello
618 1309 860 1348 (Macedonico),
877 1309 940 1339 sine
959 1318 1040 1338 acer-

148 1353 252 1389 bitate,
267 1353 413 1384 dissensit.
438 1354 479 1392 Q.
497 1354 548 1383 Fr.
567 1354 595 1390 Ι,
613 1355 643 1391 8,
666 1352 877 1393 Xenophontis
895 1351 1040 1392 Cyropae-

148 1395 230 1425 dian]
247 1406 307 1426 non
329 1397 415 1437 ponit
438 1397 475 1427 de
499 1397 649 1427 manibus.
683 1396 754 1426 Mil.
781 1397 812 1431 7,
838 1395 921 1425 domi
947 1400 1037 1424 noctu

147 1438 334 1469 interficitur.
364 1440 413 1470 De
429 1440 484 1470 Or.
500 1439 546 1475 II,
564 1441 617 1477 40,
633 1439 665 1469 in
682 1438 744 1479 qua
759 1438 839 1468 caede
859 1437 956 1468 socius
979 1436 1038 1466 fuit

149 1480 184 1510 C.
203 1482 310 1511 Carbo.
336 1482 395 1512 Sed
416 1483 454 1512 de
479 1483 584 1512 eadem
611 1493 652 1519 re,
677 1487 797 1511 tantum
821 1486 979 1520 tamquam
1000 1478 1038 1509 de

147 1524 316 1564 suspicione
339 1525 511 1562 hominum,
533 1525 668 1565 loquitur
686 1524 724 1554 ad
747 1523 818 1553 Div.
842 1522 905 1559 IX,
923 1525 956 1552 521
975 1533 982 1552 ε
1008 1527 1038 1552 et

147 1572 282 1597 auctores
298 1567 386 1597 caedis
395 1568 485 1608 plane
500 1568 613 1598 incerti.
638 1568 678 1598 V.
697 1566 804 1596 Vellei.
823 1565 868 1602 ΙΙ,
883 1567 914 1603 4,
931 1564 1035 1594 Valer-

148 1608 197 1639 Μ.
215 1608 276 1646 IV,
297 1613 325 1647 1,
340 1610 539 1641 Plutarchum
554 1611 587 1640 in
602 1610 749 1641 Romulo.
774 1609 826 1639 Ad
843 1608 957 1638 Hei-en.
971 1607 1033 1645 IV,

152 1654 201 1689 13,
218 1659 402 1683 memoratur
418 1653 566 1693 Scipionis
580 1652 714 1689 nomine,
738 1652 811 1681 item
836 1651 868 1681 in
890 1650 985 1681 Laelio
1005 1655 1034 1680 et

147 1694 249 1734 paucis
264 1695 331 1726 aliis
345 1695 429 1733 locis,
446 1695 528 1737 quod
543 1706 589 1727 res
599 1695 687 1726 facile
698 1693 850 1725 indicabit.
