1137 1848
269 98 420 132 INDEX
444 99 730 132 HISTORICUS.
877 98 940 134 407

105 186 225 224 Vettius,
248 186 317 217 Att.
330 186 379 224 ΙΙ,
396 187 425 217 4.
443 193 487 217 est
503 186 604 226 Cyrus
619 186 809 217 architectus.

104 230 214 258 Vettius
240 230 431 270 Chrysippus,
457 230 496 260 ad
520 229 594 261 Div.
612 229 692 267 VII,
722 230 768 259 12.
795 227 871 269 Cyri
895 237 944 258 ar-

55 270 176 302 chitecti
192 272 328 303 libertus.

107 315 230 353 Vettius,
249 316 324 346 Coel.
348 317 400 347 30.
422 327 502 347 unus
524 316 561 347 de
582 316 802 356 stupratoribus
814 314 942 351 Clodiae,

52 367 157 398 quem,
174 369 245 388 cum
260 365 332 389 ortae
347 360 426 390 inter
446 371 495 390 eos
511 366 609 390 essent
623 359 800 395 inimicitiae,
821 359 887 389 ulta
902 363 946 388 est

52 411 106 441 per
121 401 315 432 Camurtium
332 403 497 443 quemdam
514 409 542 433 et
558 403 721 435 Esemum,
741 403 797 432 &c-

94 444 136 474 L.
157 444 278 481 Vettius,
301 445 373 476 Vat.
395 449 442 476 lo.
474 447 505 477 in
531 452 637 477 senatu
659 445 811 475 confessus
832 451 887 481 est.
912 455 943 474 se

52 496 123 517 cum
145 488 205 518 telo
228 488 331 525 fuisse,
361 488 420 520 Cn.
447 490 587 530 Pompeii
617 488 815 519 interficiendi
842 487 943 518 causa.

54 529 120 560 Att.
138 529 185 568 ΙΙ,
202 532 252 561 24.
272 532 364 562 index
376 544 394 563 a
407 532 527 564 Caesare
542 533 683 563 inductus
695 532 726 561 in
743 538 893 567 senatum.
911 537 946 560 ut

53 572 176 611 diceret.
201 585 232 605 se
247 575 412 607 interficere
432 576 582 617 principes
600 576 740 611 voluisse,
763 574 885 604 invidia¹
899 573 948 603 in-

53 615 151 646 imicis
176 617 354 649 Caesarianis
375 619 520 650 faciendae
544 619 643 650 causfi.
668 618 727 649 Sed
753 617 947 648 mendacium

55 658 311 700 deprehenditur3
336 668 365 692 et
388 673 456 693 reus
471 663 535 703 ipse
559 663 594 692 fit
612 663 649 692 de
665 662 703 691 vi.
726 662 787 691 Res
811 666 948 691 accurate

55 701 99 732 ibi
114 709 261 734 narratur.
287 705 338 734 Cf.
356 706 439 735 Sext.
456 706 507 735 63.
531 706 634 741 Adde.
648 706 685 735 de
701 706 766 743 ejus
780 703 898 734 indiciis
914 703 946 732 in

55 745 147 775 causa
164 746 352 784 Catilinarifi,
377 748 511 779 Dionem
532 748 616 779 Cass.
633 745 811 783 XXXVII,
828 758 858 787 p.
881 747 944 781 43;

55 786 94 818 de
108 787 174 828 ipso
189 790 367 831 interpretes
382 792 518 822 Suetonii
534 792 572 822 ad
589 792 664 821 Caes.
687 793 735 821 17.

102 830 139 861 P.
161 833 272 864 Vettius·
289 834 383 871 Chilo,
408 835 497 865 Verr.
516 835 575 868 IV.
599 837 650 865 71.
667 844 758 875 eques
774 833 946 871 Romanus,

59 874 203 913 magister
218 877 451 917 publicanorum
467 878 497 908 in
515 878 628 908 Sicilia.

103 919 141 947 Ρ.
163 919 274 950 Vettius
290 922 384 957 Senta,
412 921 492 951 Phil.
512 920 594 957 XII,
617 925 664 951 ll.
681 920 745 950 dux
762 919 950 950 Marsorum.

60 959 143 991 Cum
169 972 203 992 eo
219 963 276 993 Cn.
294 964 460 1004 Pompeius
481 963 667 1005 colloquium
687 964 765 993 inter
785 968 882 993 castra
897 962 952 992 ha-

58 1004 120 1034 bet.
144 1004 185 1035 V.
201 1005 378 1047 interpretes
395 1007 433 1037 ad
449 1007 559 1038 VeUei.
577 1006 624 1043 ΙΙ,
647 1010 693 1037 16.

103 1048 142 1077 Ρ.
164 1048 284 1086 Vettius,
302 1049 390 1079 Verr.
410 1049 470 1087 VI,
488 1051 538 1080 44.
557 1056 688 1091 quaestor
704 1048 818 1079 Verris.

105 1090 143 1126 Q.
168 1092 282 1121 Vemins
301 1093 462 1130 Vettianus,
479 1094 570 1123 Brut.
588 1096 640 1123 46.
663 1092 800 1130 Marsus,
818 1091 864 1122 vir
878 1101 952 1132 pru-

60 1132 147 1169 dens,
164 1140 193 1164 et
208 1135 239 1164 in
255 1135 381 1166 dicendo
394 1136 503 1167 brevis.

109 1177 230 1215 Vettius,
247 1180 315 1208 Att.
334 1178 394 1215 IV,
412 1182 441 1209 5.
457 1180 549 1209 homo
565 1180 643 1216 vilis,
661 1190 678 1209 a
694 1189 755 1219 quo
770 1178 876 1209 villam
893 1178 954 1208 Ca-

57 1218 120 1292 ’ΞΗ
133 1217 239 1251 Cicero
254 1221 339 1259 emit,
356 1222 382 1252 is
397 1223 462 1253 sine
477 1222 582 1261 dubio,
599 1223 665 1264 qui,
683 1221 744 1260 VI,
762 1222 791 1259 l,
808 1230 953 1261 manceps

96 1268 182 1293 eltur.

104 1305 144 1335 L.
166 1307 303 1337 Veturius
321 1309 417 1345 Philo,
442 1308 533 1339 Brut.
556 1311 602 1339 14.
621 1308 728 1339 consul
743 1307 825 1337 bello
838 1305 956 1337 Punico

64 1346 112 1385 ΙΙ,
129 1358 199 1379 cum
216 1349 257 1387 Q.
276 1351 415 1387 Metello.
432 1351 474 1380 A.
492 1352 532 1381 U,
550 1352 624 1386 547.

110 1391 142 1421 T.
164 1393 313 1432 Veturius,
338 1394 428 1425 Offic.
447 1393 512 1433 ΙΙΙ,
524 1396 576 1424 30.
593 1395 698 1425 consul
720 1404 792 1425 cum
807 1394 861 1434 Sp.
878 1392 956 1422 Pos-

64 1435 172 1465 turnio.

105 1479 142 1508 C.
162 1477 309 1515 Vibienus,
324 1480 394 1510 Mil.
415 1482 463 1510 14.
481 1485 611 1517 senator,
628 1479 782 1521 quomodo
797 1477 954 1510 interierit.

110 1522 142 1551 (J.
163 1520 261 1552 Vibius
279 1524 396 1559 Catum,
414 1522 537 1554 Cluent.
557 1523 608 1553 60.
626 1523 763 1553 Larinas.

106 1565 148 1594 L.
169 1565 278 1603 Vibius,
296 1565 385 1596 Verr.
403 1565 467 1602 ΙΙΙ,
486 1566 538 1600 74.
557 1576 648 1606 eques
665 1567 757 1596 Rom.

114 1608 151 1637 T.
174 1608 282 1646 Vibius,
304 1609 341 1639 ad
357 1609 430 1639 Div.
445 1609 510 1645 XI,
531 1612 580 1638 1¹2.

109 1651 146 1681 C·
172 1651 274 1681 Vibius
302 1654 414 1687 Pansa,
445 1652 484 1682 ad
510 1652 584 1682 Div.
607 1651 705 1687 VIII.
732 1655 761 1683 8.
782 1651 825 1682 V.
850 1650 957 1681 Pansa.

68 1691 118 1723 De
133 1693 239 1724 eodem
255 1694 332 1725 forte
347 1695 528 1736 capiendum
544 1695 583 1726 ad
599 1695 664 1726 Att.
682 1694 729 1731 ΙΙ,
746 1696 798 1726 20.

111 1736 152 1766 L.
178 1737 322 1767 Vibullius
338 1737 449 1780 Rufizs,
465 1739 504 1769 ad
520 1738 593 1769 Div.
611 1739 641 1777 I,
658 1740 688 1769 9.
708 1736 854 1779 Pompeii
870 1736 961 1766 fami-

67 1778 160 1811 liaris.
182 1780 252 1811 Att.
278 1780 359 1820 V11,
385 1782 436 1813 24.
464 1792 480 1812 e
502 1781 625 1820 Piceno,
649 1791 711 1823 quo
730 1781 840 1815 missus
862 1784 924 1811 erat
943 1789 962 1809 a
