1122 1868
157 86 220 116 392
372 85 518 117 INDEX
541 85 573 117 H
578 86 826 119 ISTORICUS.

160 171 265 212 peium
288 176 373 201 extra
397 172 519 202 Italiam
543 172 742 212 sequendum.
766 173 828 211 ΙΧ,
851 173 880 202 8.
909 173 1045 213 sequitur

161 225 231 244 cum
257 214 348 244 fratre
374 215 556 255 Pompeium
584 221 669 245 extra
691 216 825 246 Italiam.
857 215 929 245 Fin.
956 214 985 253 Ι,
1016 216 1049 245 5.

161 257 341 297 Epicureus,
358 257 460 298 itaque
475 258 627 288 inducitur
647 268 681 288 eo
699 258 777 289 libro
796 259 954 299 disputans
976 268 1047 288 cum

165 300 310 332 Cicerone
333 306 361 330 et
377 301 496 331 Triario
515 300 552 330 de
573 301 692 331 finibus.
717 302 806 332 Brut.
829 302 879 336 76.
904 311 965 331 non
983 306 1047 331 tam

163 344 275 380 rhetor,
292 353 384 383 quam
402 349 559 377 πολιτικπ.
584 344 620 374 In
633 354 667 374 eo
681 344 775 374 h'terae
790 344 944 375 interiores
959 349 988 374 et
1002 353 1048 373 re-

166 385 304 422 conditae,
321 385 423 415 divina
437 387 590 416 memoria.
617 387 731 416 Praetor
746 387 805 417 fuit
821 389 859 417 A.
874 388 946 422 704.

216 430 251 458 Τ.
273 429 456 468 'l'orqucztus‚
474 429 510 458 L.
526 430 560 459 F.
578 430 670 459 Tusc.
697 428 757 466 IV,
778 432 829 460 22.
856 430 909 471 qui
931 430 1050 470 primus

168 472 344 511 Torquatus
356 472 453 502 dictus
465 477 517 502 est.
532 483 560 502 v.
572 472 643 502 Liv.
655 471 734 510 VII,
753 474 800 503 10.
816 473 857 503 V.
882 472 1034 502 Blanlius.

214 515 249 544 T.
272 516 457 554 Torquatus,
482 515 550 544 Fin.
570 515 597 552 Ι,
614 516 643 549 7.
669 516 783 555 coUega
804 515 862 546 Cn.
879 515 1001 546 Octavii
1015 515 1047 544 in

167 558 335 595 consulatu,
352 559 393 587 A.
411 559 483 587 588.
514 557 592 596 Ejus
608 557 698 595 filius,
716 569 734 588 a
749 558 791 587 D.
807 558 910 589 Silano
925 558 1051 598 adopta-

167 607 228 638 tus,
252 610 323 630 cum
348 601 380 630 in
404 600 536 640 praeturiz
561 600 751 631 Macedoniae
773 601 916 641 pecunias
939 600 1052 641 cepisse

168 644 325 679 diceretur,
342 649 438 683 pater,
463 653 494 672 re
514 643 645 683 cognitu,
663 654 732 673 eum
754 643 850 674 vetuit
863 644 895 674 in
910 653 1052 684 conspec-

170 692 237 716 tum
253 686 363 716 venire.
392 686 479 716 Male
494 685 592 715 editur
608 687 646 715 L.
661 686 845 727 Torquatus.
870 687 954 717 Nam
970 685 1055 716 Fasti

169 730 282 759 habent
302 730 338 758 T.
354 734 389 758 ut
403 729 488 769 Epit.
505 728 598 764 Livii,
615 729 666 758 54.

216 771 248 801 Τ.
267 773 454 811 Τονρῑιαΐιιε,
467 770 506 800 T.
518 771 553 800 F.
567 771 674 801 Plane.
689 773 703 802 l
712 773 737 802 l.
753 772 843 810 Auli,
854 772 966 803 Africae
978 783 1055 813 prae-

169 815 252 850 toris,
268 815 359 844 frater
374 814 527 855 patruelis.
551 814 641 844 Brut.
657 815 707 850 70.
730 815 835 845 doctus
850 816 895 846 vir
909 826 947 845 ex
969 815 1055 845 Rho-

171 858 222 887 di&
237 857 396 898 disciplina
411 856 558 893 Molonis,
577 857 648 897 plus
663 857 814 888 facultatis
834 858 873 888 ad
892 857 1055 888 dicendum

170 901 288 937 habuit,
310 910 404 941 quam
427 900 599 930 voluntatis.
636 900 688 930 Ad
707 901 895 931 consulatum
917 901 1057 939 venisset,

170 944 289 975 sublato
305 943 434 980 ambitu,
447 943 472 972 si
487 942 618 973 vixisset.

219 987 349 1023 Trabea,
372 985 411 1015 ad.
432 985 505 1015 Div.
526 985 588 1020 IX,
609 987 661 1016 21.
684 986 774 1027 poeta
795 987 937 1018 comicus.
961 986 1055 1017 Tusa.

173 1029 234 1067 IV,
252 1030 302 1059 31.
319 1029 384 1067 ejus
400 1028 546 1059 versiculi.
572 1028 639 1058 Fin.
658 1027 704 1066 Π,
721 1030 751 1059 4.

219 1073 253 1102 C.
275 1073 439 1102 Trebatius
459 1073 561 1108 Testa,
578 1071 616 1101 ad
632 1072 704 1102 Div.
723 1073 753 1102 V
755 1072 803 1109 Π,
824 1074 871 1103 12.
887 1072 1057 1113 Epicureus

174 1116 216 1146 fit.
233 1115 306 1146 ibid.
323 1116 353 1144 5.
369 1115 599 1145 commendatur
613 1113 738 1152 Caesari,
752 1115 862 1146 Galuae
876 1115 1058 1156 proconsuli.

174 1159 254 1199 Top.
273 1157 298 1187 Ι.
322 1157 437 1197 Topica
451 1157 508 1187 sibi
523 1168 540 1187 a
552 1156 696 1188 Cicerone
705 1158 849 1198 explicari
858 1158 934 1188 vult.
956 1158 978 1187 J
983 1157 1061 1188 Ctus

173 1202 243 1238 fuit,
268 1200 306 1231 ad
322 1211 414 1241 quem
429 1200 535 1230 multae
550 1206 579 1230 et
597 1200 701 1231 facetae
726 1206 798 1231 sunt
816 1201 886 1231 libri
908 1199 975 1229 VII
1000 1200 1063 1241 epi-

176 1245 269 1276 stolae.
295 1243 454 1273 Tribunus
469 1243 510 1283 pl.
527 1243 570 1273 A.
585 1243 626 1273 U.
647 1244 719 1278 706.
743 1243 795 1274 De
818 1254 853 1274 eo
877 1254 906 1275 v.
932 1243 1061 1284 Menag.

176 1289 300 1318 Amoen.
317 1286 350 1315 J.
368 1286 404 1316 C.
420 1296 446 1316 e.
467 1287 513 1316 14.

221 1331 262 1361 L.
274 1329 450 1367 Trebellius,
469 1329 552 1359 Phil.
564 1329 615 1360 VI
619 1351 628 1366 ,
642 1331 674 1359 4.
693 1328 902 1367 Antonianus,
913 1334 1001 1360 antea
1010 1328 1063 1359 ad-

177 1372 323 1405 versarius
343 1372 375 1401 in
392 1372 559 1409 tribunatu,
584 1372 638 1406 (A.
654 1372 696 1402 U.
710 1373 797 1408 707.)
813 1383 884 1403 cum
899 1372 937 1402 de
952 1372 1064 1402 tabulis

178 1415 263 1447 novis
279 1415 415 1445 ferretur.
438 1414 477 1445 ad
493 1414 565 1445 Div.
587 1415 650 1452 XI,
672 1418 720 1445 13.
740 1425 810 1446 cum
832 1415 984 1456 equitibus
1000 1414 1063 1445 suis

179 1459 219 1490 ad
241 1457 448 1499 occupandam
470 1457 654 1488 Pollentiam
676 1457 767 1489 venit.
790 1458 872 1489 Phil.
891 1456 992 1497 XIII,
1011 1458 1061 1488 12.

177 1505 235 1534 &c.

222 1546 273 1574 M.
297 1544 478 1581 Trebellius,
495 1542 605 1581 Quint.
622 1546 653 1574 5.

224 1588 402 1623 Treln'anus,
419 1587 457 1617 ad
473 1586 547 1617 Div.
559 1586 619 1624 VI,
637 1589 666 1618 9.
680 1586 897 1628 Pompeianus,
909 1591 977 1628 post
986 1597 1065 1628 pug-

177 1641 250 1663 nam
260 1630 470 1660 Pharsalicam
481 1630 520 1660 ab
535 1630 627 1660 armis
642 1640 702 1660 non
717 1630 850 1661 decessit.

221 1675 263 1704 A.
280 1673 461 1710 Trebonius,
474 1672 513 1704 ad
528 1672 602 1704 Div.
616 1673 646 1712 Ι,
659 1677 689 1706 3.
705 1673 788 1712 ΧΠ,
803 1675 850 1705 12.
866 1683 958 1714 eques
971 1673 1063 1704 Rom.

179 1716 356 1759 negotiator.
