1122 1868
139 41 197 72 166
347 44 396 74 IN
402 44 497 75 DEX
520 45 809 77 HISTORICUS-

134 126 288 168 oppidano
323 134 352 160 et
382 130 534 162 incondito
562 142 670 172 genere
699 131 829 172 dicendi,
859 137 1022 173 quaestores

133 169 204 200 facti
219 178 299 202 sunt.

178 213 232 243 Cn.
255 215 362 254 Caspio,
380 216 447 248 Att.
465 218 549 256 XII,
566 219 618 249 20.
641 218 775 249 Serviliae
790 218 912 249 Claudii
925 223 1022 259 pater,

133 254 201 286 vivo
216 264 300 297 patre
311 260 468 300 naufragio
480 262 611 302 perierit,
628 271 666 291 an
682 263 826 292 mortuo?
844 261 881 291 de
893 261 918 290 F
920 261 961 291 in.
974 260 1022 299 11,

137 300 185 328 16.
208 300 249 329 Ei
264 300 432 333 decernitur
446 305 571 344 quaestie·
588 305 616 332 in
635 304 808 334 Tubulum.

179 342 327 381 Caepiones
337 345 409 381 duo,
425 346 477 376 Cn.
488 353 517 377 et
530 348 587 383 Qu.
598 348 686 377 Brut.
706 349 757 377 25.
772 347 861 378 Font.
870 347 901 382 7.
915 356 1020 377 eorum

132 385 338 417 testimonium
354 389 385 418 in
402 389 442 426 Q.
465 391 648 431 Pompeium
663 390 804 429 rejicitur.
837 390 888 420 De
902 399 1022 430 praeno-

131 427 214 458 mine
223 429 291 460 vide
306 430 408 462 Valer.
420 432 519 471 VIII,
531 437 560 463 5.
576 433 613 463 de
625 433 760 471 testibus,
774 433 827 463 ubi
842 433 873 462 in
888 432 1021 463 nonnul-

134 470 172 500 lis
188 471 255 502 edd.
274 474 373 505 Cuius.

178 514 213 548 Q·
236 516 372 547 Servilius
390 520 493 558 caepio,
510 520 600 549 Brut.
618 520 669 548 42.
687 518 802 559 collega
822 518 858 549 C.
877 517 965 548 Laelii
988 517 1020 547 in

133 557 289 588 consulatu
308 560 362 600 (A.
379 562 467 601 613.)
504 563 546 599 Is,
572 562 637 602 qui,
664 562 695 591 in
720 561 879 591 Lusitania
904 561 1021 591 bellum

130 609 247 639 gerens,
265 602 419 634 Viriatum
435 616 489 646 per
503 605 626 635 insidias
648 604 804 635 interfecit.
836 604 915 642 Ejus
939 603 1020 633 filius

133 641 252 673 videtur
267 656 339 683 esse,
353 648 407 687 qui
421 648 566 688 sequitur.

174 685 209 719 Q.
225 688 361 719 Servilius
374 692 479 729 Coepio,
493 691 587 720 Tuse.
599 690 641 728 V,
656 692 685 721 5.
696 693 737 724 (v.
752 689 873 727 Davis.)
886 689 924 719 ad
937 688 1016 719 Her·
1050 703 1057 711 -

128 726 157 765 I,
181 731 226 759 14.
251 730 336 762 fusus
352 743 370 762 a
385 733 526 769 Cimbris,
553 744 676 763 causam
696 733 784 770 dixit,
805 732 908 762 decem
929 731 1016 762 annis

129 776 197 810 post
217 782 285 803 reus
307 774 404 806 factus
420 787 438 806 a
453 777 510 807 Cn.
535 777 632 807 Junio
657 776 813 806 Norbano.
847 775 937 805 Balb.
965 777 1017 804 11.

128 813 289 846 damnatus
312 817 350 848 de
375 819 548 860 repetundis
574 825 642 860 post
667 826 830 859 praeturam
854 817 963 847 Galliae
978 827 1017 848 ex

128 858 286 889 consulatu
304 861 411 901 (quem
427 872 497 892 cum
509 863 617 892 Attiljo
630 862 756 892 Serrano
772 860 888 902 gessit).
911 861 1018 900 Smyr-

129 908 177 928 11ae
192 900 277 931 vixit.
294 903 333 933 ad
349 905 424 935 Her.
444 906 471 941 Ι,
492 908 542 942 12,
562 910 691 945 quaestor
706 906 840 934 urbanus
855 904 910 938 (A.
927 904 1016 940 654.)

129 951 200 972 curn
212 946 361 985 Apuleius
373 948 553 978 Saturninus
565 949 662 988 legem
675 947 903 977 frumentariam
916 946 1017 983 ferret,

129 985 264 1025 perfecit,
281 995 316 1018 ut
331 1000 366 1020 ea
381 991 599 1031 antiquaretur,
613 1000 682 1020 cum
698 989 884 1027 auctoritate,
901 995 967 1019 tum
977 989 1017 1018 vi.

133 1027 205 1059 Vid.
222 1031 290 1061 Lex
306 1033 430 1070 Apuleizz
444 1035 544 1074 frum.
579 1033 661 1073 App.
686 1033 766 1062 Bell.
783 1032 849 1062 Civ.
869 1032 921 1061 lib.
940 1032 969 1068 I,
984 1042 1016 1072 p.

130 1071 202 1101 626.
219 1073 265 1103 ed.
290 1074 372 1105 Toll.
389 1076 426 1106 de
448 1077 515 1106 Inv.
539 1077 568 1113 Ι,
593 1078 642 1106 50.
670 1075 763 1105 Hunc
782 1085 844 1105 esse
859 1074 1012 1111 eumdem,

128 1113 182 1153 qui
194 1122 274 1154 ante,
294 1118 332 1147 A.
350 1119 423 1156 647,
441 1120 543 1149 consu]
566 1129 636 1149 cum
652 1118 763 1148 Attilio
778 1118 887 1155 fuerat,
905 1117 1015 1157 Pighio

127 1156 245 1195 placet:
271 1160 374 1201 itaque
396 1162 435 1191 ad
457 1162 598 1192 eumdem
613 1161 677 1191 haec
697 1160 865 1190 retulimus.
900 1160 1016 1200 Legem

125 1199 317 1236 judiciariam
346 1203 457 1234 frustra
482 1205 562 1240 tulit,
590 1204 628 1234 de
647 1203 780 1242 judiciis,
805 1213 874 1243 quae
898 1204 1017 1242 exlege

131 1242 259 1275 Gracchi
275 1246 357 1286 apud
373 1247 487 1287 equites
507 1254 601 1285 erant,
626 1257 696 1277 cum
723 1252 828 1276 senatu
849 1245 1020 1276 communi-

132 1286 235 1317 candis
253 1289 347 1321 (unde
363 1290 513 1320 Patronus
529 1292 657 1320 Senatus
673 1295 716 1319 est
733 1288 914 1329 appellatus)
930 1288 1021 1318 Brut.

131 1328 183 1357 56.
207 1331 260 1361 Br.
277 1333 328 1361 62.
345 1334 475 1373 equestri
494 1333 591 1363 ordini
607 1331 698 1363 nimis
713 1331 842 1361 deditus.
866 1332 960 1361 Hunc
975 1330 1021 1360 di-

131 1379 251 1403 versum
267 1381 355 1415 putat
371 1376 522 1406 Corradus
537 1377 575 1406 ab
591 1386 625 1406 eo
648 1374 701 1415 qui
715 1375 813 1415 legem
826 1373 1017 1413 judiciariam

130 1413 221 1450 tulit3
246 1418 328 1457 quod
354 1418 379 1448 is
398 1419 550 1459 equitibus
571 1419 714 1448 adversus
738 1418 817 1447 fuit:
843 1417 894 1447 sed
919 1415 1018 1457 potuit

130 1455 200 1486 odio
216 1458 311 1490 Drusi
327 1461 365 1490 ad
381 1462 519 1501 equitum
545 1468 644 1502 partes
668 1461 818 1491 transisse.
851 1459 940 1489 Brut.
965 1460 1016 1488 46.

127 1508 284 1532 accusatur
299 1514 316 1533 a
332 1504 372 1533 T.
384 1505 511 1534 Betucio
526 1505 634 1540 Barro,
647 1503 811 1539 Asculano,
823 1508 852 1532 et
867 1512 897 1532 se
912 1502 1016 1532 defen-

129 1542 183 1573 dit.
202 1544 295 1575 Dom.
312 1547 362 1575 46.
387 1547 434 1576 M.
452 1548 546 1576 Drusi
565 1547 715 1576 inimicus.
739 1545 828 1575 Unde
848 1545 1013 1575 inimicitiae

129 1591 212 1624 ortae,
225 1588 311 1618 docet
327 1589 457 1625 Plinius,
476 1589 646 1624 XXXIII,
667 1592 693 1618 l.
1001 1630 1008 1636 ι

173 1631 208 1665 Q.
228 1633 371 1661 Servilius
403 1634 515 1673 Caepio,
544 1634 611 1663 Fin.
639 1631 703 1669 III,
725 1632 754 1661 2.
785 1640 858 1660 avus
885 1630 1010 1661 Luculh

127 1673 222 1711 pueri.
246 1674 356 1715 Magni
379 1685 449 1705 eum
465 1675 534 1706 fecit
557 1676 672 1706 Cicero.
701 1675 785 1705 Nam
801 1673 838 1703 L.
862 1673 1011 1704 Lucullus
