1122 1868
104 45 163 75 180
315 44 463 75 INDEX
488 43 774 76 HISTORICUS.

99 130 182 167 facit,
199 130 272 160 alios
286 136 421 161 auctores
436 137 563 161 secutus.
587 131 629 161 V.
653 131 696 162 ibi
719 129 876 160 Drakenb.
901 128 986 160 Lau-

101 173 191 203 datur
206 173 345 213 plurimis
359 174 430 204 locis
451 175 515 213 ejus
530 184 652 212 nomen⁷
669 180 703 204 ut
725 173 792 203 Inv.
815 172 842 209 Ι,
859 175 887 203 4.
911 172 985 202 Div.

101 214 129 253 Ι,
148 219 194 246 15.
212 215 255 251 ΙΙ,
271 219 320 245 24.
345 217 406 246 Off.
421 217 448 255 Ι,
466 220 512 247 11.
531 216 577 253 ΙΙ,
592 220 642 248 25.
660 218 716 247 ἃς.
740 216 869 246 Tirones
882 216 986 256 legant

100 259 202 289 locum
219 259 300 289 Livii
318 260 366 290 cit.

145 303 199 331 M.
218 303 300 340 Cum,
324 302 372 332 M.
398 302 440 332 fil.
460 302 496 333 de
520 302 583 333 Off.
606 303 635 340 Ι,
654 303 703 332 ll.
721 304 772 332 23.
799 301 830 331 in
852 300 984 331 exercitu

102 343 226 385 Popillii
246 344 276 374 in
304 345 431 385 Liguria
453 346 510 375 tiro
525 346 646 375 militat.
680 344 878 375 Macedonico
906 343 986 373 bello

101 387 247 417 interfuit.
271 388 301 417 V
303 387 343 417 id.
362 387 515 418 Plutarch.
528 389 559 418 in
573 388 701 418 AEmilio
714 387 821 418 Paulo.
844 386 895 416 Ad
911 386 986 416 Div.

101 430 162 466 IV.
180 431 209 460 6.
225 436 309 470 patre
324 431 391 460 vivo
407 431 500 460 obiit:
526 431 676 461 laudatur.

144 474 198 503 Μ.
217 475 298 510 Cato,
323 473 369 503 M.
388 473 424 502 F.
442 473 489 503 M.
508 474 549 503 N.
567 474 603 503 (le
620 474 682 503 Off.
702 473 766 504 ΙΙΙ.
785 473 848 503 16..

145 516 194 545 M.
214 518 292 552 0¹¹0.
319 515 366 545 M.
385 516 420 545 F.
439 516 486 545 M.
506 517 548 546 N.
566 517 614 546 M.
632 517 723 546 Pron.
748 517 834 546 Mur.
851 518 880 545 Q.
897 525 986 545 accu-

101 564 146 589 sat
162 559 199 588 11.
218 559 393 588 Murenam.
418 558 512 588 Doni.
537 560 566 588 8.
588 559 667 589 bello
689 558 802 599 Cyprio
825 557 988 595 praeficitur

100 602 166 641 lege
183 600 301 637 Clodia,
312 606 346 630 ut
362 612 379 630 a
395 602 500 641 repub.
511 602 708 641 ablegaretur.
733 605 800 630 Att.
819 600 846 637 Ι,
868 604 914 630 14.
936 610 986 630 ve-

102 644 258 674 hementer
273 650 375 673 contra
391 644 426 672 P.
444 643 586 673 Clodium
604 644 641 674 de
656 644 799 683 religione
814 653 898 673 reum
915 642 986 680 agit.

103 686 215 717 Confer
230 697 276 726 ep.
295 690 341 716 153.
359 685 396 715 ad
413 686 484 715 Div.
503 685 530 720 Ι,
542 688 571 716 9.
593 685 730 717 Ciceroni
750 686 872 715 invidet.
889 684 955 715 Vll
962 684 989 722 Ι,

107 733 155 761 11.
176 729 338 759 honorifice
361 729 480 758 locutus
500 729 537 759 de
563 728 718 765 Cicerone,
741 728 990 769 supplicationem

101 782 161 802 non
178 772 319 802 decernit.
344 771 408 801 Att.
426 772 468 807 X,
486 770 537 801 16?
557 772 689 802 Siciliam
701 778 800 802 tenere
811 781 870 801 non
881 777 989 811 potest,

101 815 131 845 in
157 825 250 855 quam
277 815 386 844 missus
411 814 519 849 fuerat,
546 825 615 844 cum
643 821 743 845 tenere
769 814 922 855 potuisset.
954 813 992 844 de

102 858 175 888 Div.
194 857 220 891 Ι,
237 861 289 886 31.
306 858 397 887 homo
413 857 527 891 dectus.
540 864 722 898 perterretur
736 857 875 887 vaticinio
891 857 992 895 cujus-

103 901 174 931 dam
191 900 305 930 Rhodii
321 900 450 939 remigis.
475 900 538 930 Off.
557 901 585 935 Ι,
601 904 653 930 31.
665 901 696 930 in
715 899 818 930 Afric&
834 899 944 930 Caesari
960 909 991 929 se

103 943 219 974 tradere
235 943 340 973 noluit.
364 943 401 972 de
418 943 488 972 Div.
508 943 534 979 Ι,
563 947 608 974 14.
631 943 770 982 quiedam
787 953 858 973 eum
878 942 992 972 fefelle-

103 992 184 1016 runt.
210 986 278 1015 Fin.
302 985 366 1021 ΙΙΙ,
393 990 422 1016 2.
446 985 565 1025 legendi
590 986 725 1016 ariditas.
750 985 813 1015 Off.
839 985 863 1021 Ι,
886 988 936 1014 31.
953 984 992 1015 ad

103 1029 311 1059 incredibilem
333 1039 351 1058 a
369 1029 475 1058 naturai
495 1029 591 1059 factus
612 1036 656 1059 est
677 1029 875 1058 severitatem.
900 1027 994 1058 Para-

105 1072 175 1102 dox.
195 1071 219 1101 I.
243 1072 310 1101 coll.
334 1071 419 1101 Mur.
445 1075 496 1101 29.
515 1072 664 1112 perfectus
687 1072 816 1102 Stoicus.
837 1081 871 1100 ea
891 1071 992 1108 sentit,

105 1126 173 1155 quae
188 1124 247 1144 non
264 1115 430 1154 probantur
453 1114 484 1143 in
507 1114 626 1154 vulgis.
651 1114 706 1144 Or.
737 1117 782 1143 10.
807 1113 992 1148 Div.11,1.

106 1158 143 1187 (le
159 1158 223 1196 ejus
238 1156 379 1187 laudibus
403 1157 504 1186 scribit
523 1156 636 1187 Cicero.
661 1157 726 1186 Att.
744 1156 828 1193 XII,
844 1159 895 1187 41.
924 1156 993 1186 Cae-

106 1201 180 1230 saris
195 1199 272 1229 liber
287 1206 390 1229 contra
406 1199 563 1229 Catonem.

153 1244 192 1278 Q.
210 1243 352 1272 Lutatius
372 1243 503 1279 Catulus,
530 1243 572 1272 N.
590 1242 631 1272 D.
650 1242 677 1277 Ι,
691 1246 741 1272 28.
755 1247 838 1272 amat
849 1242 995 1272 Roscium

105 1295 249 1326 puerum,
274 1285 459 1325 municipem
485 1296 585 1315 suum.
609 1285 687 1324 Ejus
709 1285 741 1315 in
765 1285 912 1315 Roscium
933 1284 997 1325 cpi-

107 1338 256 1368 gramma.

154 1371 189 1406 Q.
213 1373 238 1401 C
256 1371 345 1407 talne,
370 1371 411 1408 Q.
428 1371 464 1401 F.
487 1371 578 1401 Font.
605 1373 652 1401 15.
675 1371 794 1410 legatus
812 1370 843 1400 in
858 1371 938 1401 bello
953 1370 995 1400 ci-

107 1413 169 1443 vili.
195 1413 323 1443 Scientifi
340 1414 451 1453 magn&
469 1414 510 1444 rei
525 1414 673 1444 militaris.
697 1414 783 1444 Mur.
805 1414 850 1448 17.
867 1413 996 1443 vincitur

67 1476 70 1478 -
107 1456 138 1485 in
154 1456 298 1495 petitione
314 1457 484 1486 consulatus
501 1468 518 1486 a
534 1457 592 1486 Cn.
611 1457 750 1487 Manilio.
775 1456 868 1486 Tusc.
885 1456 927 1492 V.
949 1456 995 1486 19.

107 1508 194 1539 paene
221 1499 296 1528 alter
325 1499 448 1528 Laelius.
472 1500 551 1529 Cum
574 1510 608 1529 eo
633 1499 752 1529 Marius
774 1499 887 1538 collega
910 1498 996 1528 Cim-

108 1541 197 1571 bricae
214 1541 342 1570 victoria?
365 1542 492 1576 oloriam
509 1542 720 1572 communicat.
745 1541 837 1571 Dom.
859 1542 910 1571 38.
927 1551 997 1581 por-

107 1583 202 1613 ticum
230 1583 261 1612 in
289 1594 357 1612 area
380 1584 480 1614 Flacci
503 1584 541 1614 de
558 1584 710 1614 manubiis
733 1583 894 1614 (imbricis
913 1583 994 1622 fecit,

107 1637 176 1666 quae
191 1625 262 1655 inde
278 1626 421 1666 porticus.
439 1633 468 1656 et
483 1627 718 1661 monimentum,
737 1626 840 1658 Catuli
856 1636 935 1667 saepe
950 1625 996 1655 di-

106 1668 193 1699 citur.
218 1667 305 1699 Orat.
324 1667 388 1702 ΙΙΙ,
406 1672 434 1698 3.
451 1680 469 1698 a
491 1669 592 1699 Mario
607 1669 801 1710 proscriptus,
818 1679 849 1698 se
871 1669 935 1709 ipse
950 1668 998 1698 in-

107 1710 334 1742 oerficit.B1-ut.
350 1712 403 1742 35.
419 1711 525 1743 doctus
541 1718 570 1742 et
585 1712 723 1751 disertus,
740 1711 858 1752 scripsit
872 1711 910 1742 de
925 1720 996 1742 con-
