1137 1848
291 83 440 116 INDEX
462 84 747 117 HISTORICUS.
898 85 954 116 391

106 170 220 207 Titius,
237 169 275 200 ad
293 169 365 200 Div.
380 169 460 208 VII,
475 171 523 200 12.
540 171 721 211 EpicureuS,
738 170 763 200 si
777 180 849 201 sana
859 171 947 201 lectio

61 219 114 244 est.
140 213 199 244 Sed
213 213 274 249 alii,
292 219 325 243 ut
339 213 511 251 Manutius,
528 215 659 248 malunt,
680 215 782 251 Titus,
798 215 828 244 h.
842 224 867 244 e.
883 215 945 244 At-

59 256 154 286 ticus:
179 255 241 292 alii,
259 256 340 296 quod
353 256 492 286 Graevius
507 257 630 297 recepit,
648 258 744 286 Seius.

107 300 260 335 Titurius,
279 299 304 328 F
306 304 368 328 ont.
390 301 419 328 5.
444 298 562 329 videtur
583 300 620 328 de
651 299 772 329 cohorte
795 298 844 329 Μ.
862 298 946 328 Fon-

58 340 109 371 teii
124 341 226 379 fuisse,
240 347 292 371 aut
307 341 433 381 portitor
445 341 626 372 Tolosanus.

102 385 150 413 M.
171 385 336 414 Titurnius
352 384 472 424 Rufus,
489 384 527 414 ad
544 385 614 414 Div.
632 383 731 422 XIII,
748 385 799 416 39.
817 393 896 414 unus
906 393 944 413 ex

58 426 202 457 Titurnia
216 427 333 457 familia
348 428 483 468 reliquus
498 433 551 457 est.

106 471 307 509 Tlepolemus,
332 469 420 499 Verr.
444 469 505 507 lv,
528 474 580 501 33.
610 470 745 508 Graecus,
773 471 879 511 pictor,
906 471 944 502 de

57 512 177 543 cohorte
193 513 305 543 Verris.
325 512 364 551 V,
384 516 432 542 13.
457 513 601 553 Cibyrata
622 513 732 543 dicitur
749 524 803 554 per
823 515 940 553 jocum,

59 555 133 596 quia
148 555 236 585 Verri
248 562 406 596 tamquam
421 562 544 586 venator
553 566 692 586 vasorum
705 556 773 586 fuit.

107 599 282 637 Tongilius,
301 598 424 629 Catilin.
442 599 489 635 ΙΙ,
508 604 536 629 2.
553 598 591 629 de
613 599 775 638 conjuratis
796 599 943 630 Catilina-

59 640 110 671 riis
125 641 194 678 fuit,
212 647 241 671 et
258 640 398 672 Catilinae
414 648 554 671 scortum.

106 685 271 721 Toranius,
288 683 326 713 ad
351 684 424 713 Div.
446 685 507 720 VI,
529 686 580 714 20.
603 684 823 725 Pompeianus,
846 685 943 716 exsul.

59 727 222 756 Praetorius
238 727 306 763 fuit,
323 737 415 767 quem
431 733 533 767 postea
548 727 639 763 filius,
657 728 691 757 U.
710 728 873 765 Toranius,
891 728 944 757 tri-

61 769 211 799 umvirum
229 776 327 810 partes
343 776 473 805 secutus,
490 770 655 799 triumviris
671 770 813 810 prodidit,
837 781 855 800 a
875 771 944 811 qui-

57 813 114 842 bus
130 812 302 842 interfectus
318 819 370 842 est.
394 813 432 842 V.
456 813 557 842 Valer.
585 813 634 842 M.
661 813 721 849 IX,
744 814 789 842 ll.

103 857 276 891 Tortorius,
298 856 356 884 Att.
375 854 454 892 VH,
472 857 500 884 2.
518 861 562 885 est
576 865 687 885 nomen
704 862 889 896 corruptum.

97 899 139 928 A.
163 900 348 938 Torquatus,
366 908 381 928 e
398 898 533 927 Manliis.
552 898 656 928 Plane.
673 901 721 928 ll.
739 898 850 928 Africae
866 910 940 939 prae-

57 947 103 971 tor
125 942 210 982 (ann.
231 940 322 979 676.)
344 941 468 971 mirifice
493 940 644 970 laudatur.
672 941 750 979 Ejus
776 941 867 971 frater
887 952 944 982 pa-

57 984 160 1014 truelis
175 990 218 1014 est
235 984 274 1013 T.
291 984 478 1024 Torquatus,
496 984 536 1013 Τ.
554 983 589 1012 F.
603 983 639 1013 de
652 994 712 1023 quo
728 983 815 1013 infra.

100 1027 142 1056 A.
162 1029 352 1066 Torquatus,
377 1027 414 1056 L.
432 1027 467 1056 F.
485 1026 522 1055 L.
540 1026 582 1056 N.
603 1026 671 1055 Fin.
690 1025 734 1061 ΙΙ,
752 1028 802 1055 22.
827 1026 942 1057 amicus

59 1068 213 1100 Ciceronis
229 1080 376 1099 summus.
400 1071 468 1099 Att.
486 1069 528 1105 V,
550 1073 574 1099 l.
593 1069 636 1099 vir
651 1069 793 1109 optimus.
810 1069 848 1099 ad
870 1069 944 1100 Div.

58 1111 118 1150 VI,
138 1114 165 1142 1.
181 1112 313 1142 Athenis
329 1112 457 1148 exsulat,
471 1111 553 1152 quod
569 1118 672 1142 contra
689 1110 840 1142 Caesarem
855 1119 944 1143 stete-

55 1161 112 1185 rat.
134 1156 249 1185 Praetor
263 1155 321 1184 fuit
337 1155 378 1185 A.
398 1155 436 1185 U.
453 1155 526 1189 701.

98 1198 139 1228 A.
161 1200 348 1238 Torquatus,
367 1198 443 1237 Leg.
459 1196 505 1234 II,
523 1199 575 1227 22.
599 1198 648 1228 De
660 1208 721 1238 quo
733 1208 831 1228 sermo
844 1198 891 1237 sit,
906 1208 943 1228 ex

54 1251 86 1271 re
110 1251 170 1271 non
195 1242 265 1271 satis
289 1247 368 1271 certo
386 1240 514 1279 judicari
537 1247 645 1281 potest.
669 1242 759 1270 Forte
777 1241 802 1271 is
818 1247 872 1279 est,
889 1241 943 1282 qui

55 1294 158 1314 censor
176 1285 211 1314 A.
223 1285 295 1314 506.
312 1289 341 1314 et
356 1283 464 1313 deinde
479 1283 525 1313 bis
542 1284 645 1313 consul
658 1283 725 1313 fuit.

96 1327 136 1356 L.
155 1327 339 1367 Torquatus,
360 1326 397 1356 L.
415 1327 450 1356 F.
476 1326 567 1356 Catil.
586 1325 650 1362 III,
670 1327 699 1355 3.
724 1326 799 1367 Agr.
822 1327 869 1364 II,
892 1327 938 1362 17.

57 1370 114 1399 &c.
128 1370 231 1399 consul
247 1380 317 1400 cum
335 1368 437 1405 Cotta,
461 1368 502 1399 A.
527 1369 567 1399 U.
589 1370 660 1399 689.
686 1369 786 1399 Pison.
811 1373 863 1400 31.
889 1380 944 1411 pro

56 1411 202 1443 Cicerone
218 1412 300 1453 apud
316 1412 353 1442 L.
371 1412 517 1441 Pisonem
533 1411 697 1442 intercedit.
711 1412 783 1442 ibid.
809 1414 853 1443 19.
871 1413 944 1443 Ma-

54 1455 224 1491 cedoniam,
238 1456 381 1486 Cicerone
397 1454 552 1491 referente,
570 1455 696 1491 obtinet,
710 1461 739 1484 et
750 1455 913 1495 imperator
924 1467 943 1486 a

55 1504 160 1528 senatu
176 1499 357 1539 appellatur.
378 1497 416 1527 ad
440 1498 530 1527 Brut.
547 1498 597 1527 68.
621 1497 741 1538 elegans
757 1497 788 1528 in
804 1498 941 1538 dicendo,

56 1540 202 1581 prudens,
221 1542 277 1571 &c-

99 1584 139 1613 L.
166 1585 354 1624 Torquatus,
373 1584 410 1614 L.
429 1583 465 1613 F.
483 1584 520 1614 L.
541 1583 583 1613 N.
600 1583 676 1613 Sull.
693 1586 723 1614 2.
739 1590 857 1615 accusat
872 1584 945 1615 ado-

55 1626 238 1657 lescentulus
263 1627 302 1657 P.
330 1628 449 1658 Sullam
472 1626 510 1656 de
536 1626 665 1663 ambitu,
691 1633 720 1657 et
739 1627 782 1657 ita
805 1627 887 1664 facit,
911 1633 946 1658 ut

52 1675 137 1708 pater
161 1670 266 1700 consul
289 1670 352 1700 fiat.
376 1672 446 1699 Att.
464 1669 525 1707 IV,
547 1672 593 1699 16.
615 1669 653 1698 de
672 1670 861 1700 accusatione
881 1671 945 1701 Ga-

52 1710 127 1742 binii
144 1723 215 1743 curn
232 1713 268 1743 P.
288 1712 376 1744 Sulla
392 1712 555 1744 contendit.
576 1711 652 1749 VII,
673 1716 721 1743 12.
742 1718 832 1754 negat
852 1713 945 1744 Porn-
