1137 1848
194 47 346 81 INDEX
369 44 766 78 GRAEco-LATINUS.
861 49 920 80 431

40 134 79 167 ad
94 136 167 167 San.
182 136 204 166 1.
220 147 244 166 c.
266 134 372 166 laudat
394 132 525 163 Cortius.
548 131 709 173 Polybius,
728 132 760 163 in
781 132 930 176 Excerpt.

39 178 121 210 virt.
146 186 176 210 et
192 179 257 209 Vit.
279 189 310 219 p.
331 179 424 215 1441,
440 180 527 206 vocat
549 175 648 209 βαὲτος.
672 175 725 205 ubi
745 176 804 206 vid.
823 177 927 209 Vales-

10 234 28 238 ’“
39 222 89 253 Sic
104 223 196 254 Ovid.
214 222 286 253 Am.
310 220 358 258 ΙΙ,
375 220 404 249 4.
431 219 479 248 16.
495 229 531 248 etc
551 219 612 248 alto
628 219 827 251 dissimulare
840 231 850 250 ,³
874 221 929 252 ubi

41 275 69 295 v.
86 266 236 297 Burman.
254 264 307 305 qui
321 268 399 293 recte
419 261 456 291 de
471 261 622 301 profundo
644 261 762 293 silentio
777 263 929 304 intelh'git.

38 307 230 345 Tunstallus‚
247 308 277 337 in
291 306 392 347 Epist.
405 304 444 335 ad
459 303 643 334 Middleton.
656 315 687 345 p.
703 308 773 343 114,
784 305 931 347 interpre-

40 355 122 381 tatur
130 352 299 392 prudentia
306 360 345 379 m.

88 399 240 431 Βεβιωται,
263 395 327 424 vica
341 392 482 432 feliciter
502 395 573 420 acta
588 396 643 427 est,
666 390 704 420 ad
721 391 786 421 Att.
800 391 881 430 XII,
900 396 931 424 2.

51 435 149 476 XIV,
167 442 218 469 21.
242 436 318 466 Vixi
333 436 340 465 !
366 434 477 474 virgil.
493 434 567 464 AEn.
586 432 647 469 lv,
665 434 738 463 653.

53 504 58 507 .
88 486 273 520 Βλαμματα,
290 479 492 514 detrimenta,
509 476 580 506 Fin.
600 476 661 513 IV,
679 477 731 506 21.

86 528 271 563 Βλασφημα,
291 532 360 562 quae
379 521 458 550 mali
480 525 553 550 sunt
570 520 689 549 ominis.
713 520 751 550 ad
767 520 834 551 Att.
855 521 932 559 XV,

44 568 95 595 11.
123 573 236 605 ευφημα
249 572 351 596 contra
366 565 438 594 bene
453 564 592 593 ominata
609 562 762 593 dicuntur.
784 564 857 594 Vid.
874 565 935 596 Ca-

42 610 127 640 saub.
144 609 182 639 ad
200 608 357 649 Theophr.
378 606 520 637 Charact.
537 616 602 645 cap.
623 606 675 636 19.

92 657 246 691 Βουλησις,
263 653 418 686 voluntas,
437 649 532 679 Tusc.
550 648 611 685 IV,
629 649 659 677 6.

86 700 235 730 Βουλυσις,
250 705 386 734 vespera,
402 699 532 731 tempus,
550 702 608 731 quo
620 692 703 722 boves
716 693 753 722 ab
768 699 873 724 aratro
890 706 938 724 so-

46 739 109 769 lent
124 738 208 775 solvi,
224 738 263 768 ad
278 739 346 768 Att.
358 736 434 772 XV,
451 736 502 770 27.
526 734 577 764 Ex
589 735 725 765 Homero
739 736 868 778 intelligi
883 748 938 778 po.

41 788 111 820 test,
132 787 245 812 veteres
258 788 395 821 tempora
404 778 463 809 diei
475 777 642 819 appellfasse
654 779 692 807 ab
708 778 743 808 iis
759 780 847 810 rebus
869 791 939 821 quae

44 825 95 865 agi
110 825 247 855 solerent.
271 824 325 860 Et,
338 822 485 864 quoniam
501 820 612 851 rustica
633 826 705 851 tunc
718 823 861 862 temporis
876 824 939 855 vita

45 874 108 899 erat
134 867 308 905 hominum,
333 867 370 897 ab
395 874 484 905 opere
507 864 617 894 rustico
647 865 772 894 nomina
802 866 939 906 partibus

45 910 105 941 diei
128 910 309 941 tribuerunt.
333 910 466 948 Vespera
487 906 580 946 igitur
602 906 683 936 dicta
706 908 851 947 βουλυσις,
877 909 939 940 sive

47 954 196 989 βουλυτου,
212 952 294 994 quod
311 958 354 983 est
371 950 459 980 Iliad.
476 954 515 985 Π,
533 950 605 984 779.
629 949 669 979 V.
687 949 787 980 Schol.

92 1001 212 1034 Βοωπις,
228 997 352 1035 magnis
368 995 464 1033 iisque
473 994 667 1032 pfrpulclzris
681 994 775 1023 oculis
782 996 939 1032 praedita.-

47 1038 70 1069 J
73 1038 182 1068 unonis
197 1039 360 1081 epipheton
373 1035 586 1068 Homericum.
597 1035 635 1065 ad
651 1035 719 1066 Att.
734 1035 780 1074 ΙΙ,
797 1040 827 1068 9.
845 1043 874 1068 et
894 1041 942 1069 12.

50 1080 146 1120 XIV,
163 1085 216 1113 22.

483 1172 513 1195 Γ.

96 1259 216 1295 Γαυριω,
233 1255 361 1294 glorior,
374 1252 413 1283 ad
425 1253 491 1283 Att.
507 1252 602 1287 XVI,
621 1254 650 1282 5.

97 1302 195 1332 Γελως
218 1298 372 1338 Σαρδονιος,
395 1296 569 1326 Sardonius
590 1297 686 1331 risus,
709 1295 748 1325 ad
771 1295 844 1327 Div.
864 1296 944 1337 VII,

54 1341 106 1370 25.
123 1340 317 1380 proverbium
333 1339 370 1369 de
384 1339 432 1375 iis7
445 1339 499 1379 qui
511 1338 636 1369 ridendo
652 1338 708 1368 sibi
720 1339 860 1370 nocivum
875 1351 945 1371 cm]-

53 1383 148 1413 citant
158 1384 337 1424 periculum.
362 1382 453 1412 Unde
464 1387 566 1412 ortum
578 1387 713 1422 putetur,
724 1381 841 1412 docebit
853 1383 947 1415 Eras-

55 1435 125 1456 mus
140 1426 172 1456 in
189 1425 390 1457 Chiliadibus.

103 1473 233 1507 Γενικως,
262 1468 459 1509 generaliter,
483 1466 522 1497 ad
539 1466 604 1498 Att.
627 1466 655 1507 Ι,
679 1470 729 1498 14.
754 1467 947 1510 Tunstallus‚

60 1514 197 1550 omnim),
213 1514 279 1543 sine
294 1513 480 1550 eoeceptz'one.

105 1555 496 1595 remwrepov‚gen<ralius,
511 1552 550 1583 ad
566 1554 631 1584 Att.
648 1553 710 1590 ῙΧ,
731 1557 778 1584 10.

105 1603 355 1638 Γερομτικωτερον,
370 1598 509 1633 senilius,
525 1595 565 1626 ad
580 1596 645 1628 Att.
662 1596 744 1635 XII,
764 1597 791 1627 ].

104 1645 307 1681 Γεωγραφικα,
329 1640 543 1673 commentarii
565 1641 601 1671 de
622 1646 714 1672 terrae
735 1640 951 1681 descriptione,

64 1682 104 1714 aa
118 1682 188 1714 Aa.
206 1682 253 1722 11,
269 1685 311 1714 6.v
