1122 1868
152 46 216 77 418
313 47 463 79 INDEX
486 46 885 80 GRAEco-LATINUS.

194 135 292 168 ASsrn
299 146 354 171 mc,
370 136 560 176 improbatio,
575 134 711 175 rejectio,
726 134 765 165 ad
779 133 848 164 Att.
864 131 927 170 VI,
939 132 971 164 9.

193 178 230 205 Αἱ
243 189 297 219 γαρ
313 189 370 207 των
384 191 521 219 τυραννων
543 178 664 215 δεησεις,
679 177 780 218 inquit
801 182 939 214 Πλατων,
958 172 1043 212 οισθ,

147 220 196 249 ὁτι
217 232 387 258 μεμιγμεναι
410 232 563 257 αναγκαιςε
587 226 796 261 tyrannorum
807 229 924 259 preces,
939 216 1043 258 inquit

155 261 245 291 Plato
261 265 321 303 (ep.
338 264 370 301 7,
386 264 424 294 ad
441 263 549 294 Dionis
563 265 760 305 propinquos)
772 263 938 302 permixtoe
953 265 1040 298 sunt,

151 311 188 335 ut
203 306 273 343 scis,
289 308 529 344 necessitatibus,
545 307 584 337 ad
600 307 666 337 Att.
682 307 744 345 IX,
766 310 813 337 13.
836 315 905 346 quae
919 309 1039 344 rogant,

152 349 317 380 necessario
345 349 483 380 facienda
511 356 581 381 sunt
595 361 603 380 :
631 360 735 381 eorum
759 359 861 391 preces
887 353 958 379 sunt
980 346 1039 376 im-

154 400 248 431 peria.

197 434 328 472 Αιὸεομαι
339 440 448 477 Τξωας,
460 447 506 465 και
520 435 655 475 Τρωαὸκς
677 436 920 468 ἑλκεσιπεπλους,
934 441 1040 463 vereor

157 476 319 518 Trqjanos,
336 484 365 509 et
388 478 535 518 'I'rqjanas
550 480 656 518 peplos
670 480 836 515 trahentes,
852 476 891 506 ad
905 476 973 506 Att.
990 473 1039 512 11,

151 521 183 549 5.
207 526 236 550 et
257 521 324 551 aliis
346 522 430 560 locis,
453 532 491 552 ex
507 522 602 551 Hom.
620 520 709 552 Iliad.
725 526 760 559 Z,
776 531 804 551 v.
822 520 894 550 442.
910 524 940 549 et
957 523 992 557 X,
1008 527 1039 548 v.

197 606 333 636 Αιῧεσῖῒευ
349 619 399 644 μεν
421 610 587 648 ανῃνεισὲοιι,
608 607 702 637 &ierom
722 606 742 635 δ’
765 604 929 646 ὑποδεχθαι,
952 603 1041 635 vestii

150 655 225 680 sunt
242 651 368 688 quidem
383 660 540 685 recusare,
562 652 736 680 timuerunt
756 654 858 678 autem
874 648 1037 687 suscipere,

151 692 192 722 ad
211 693 281 722 Att.
305 693 367 732 VI,
393 696 420 723 l.
442 693 539 731 XVI,
559 697 607 724 ll.
631 704 669 724 ex
685 693 815 723 Homer.
839 690 929 722 Iliad.
955 695 991 726 H,
1007 700 1039 721 v.

153 736 207 766 93.

196 782 258 806 Αιεν
274 790 442 816 αριστευειν,
457 791 504 808 και
523 780 667 820 ὑπειροχον
688 790 805 817 εμμεναι
823 781 938 815 αλλων,
957 785 1038 806 sem-

147 820 344 861 perfirtz'ter
358 832 461 861 agere.
477 828 504 852 et
521 823 591 852 aliis
602 828 765 861 praestare,
787 820 826 850 ad
847 818 920 849 Div.
937 817 1039 857 XIII,

156 864 206 894 15.
222 864 261 894 ad
277 864 339 902 Qu.
357 865 409 895 Fr.
424 864 490 903 ΙΙΙ,
507 869 538 896 5.
554 876 592 896 ex
609 865 704 896 Hom.
723 863 812 894 Iliad.
830 868 868 896 H,
881 872 909 892 v.
921 862 995 892 208.

197 912 264 936 Αικε
281 907 383 946 Summi,
403 910 429 939 si
449 910 535 938 modo
547 909 656 948 possis,
672 908 712 939 ad
726 909 796 938 Att.
813 903 914 944 XIII,
936 908 984 936 12.
1001 913 1040 936 ex

154 948 281 980 Hesiod.
299 949 360 991 Op.
377 957 406 981 et
422 952 466 982 D.
482 963 510 982 v.
527 952 600 982 350.

197 996 323 1033 Αίρεσις,
339 1000 432 1032 secta,
449 995 488 1025 ad
504 994 577 1025 Div.
590 994 668 1032 XV,
688 995 740 1024 16.

198 1041 324 1077 Αισχρον
343 1049 464 1075 σιωπᾳν.
487 1038 610 1078 Integer
639 1037 775 1068 senarius
799 1035 840 1066 sic
854 1035 968 1065 habet:
993 1037 1044 1063 Αι-

155 1091 243 1120 σχρον
260 1091 379 1120 σιωπςιν,
398 1085 557 1120 Ισοκρατην
574 1082 598 1110 τ’
615 1092 661 1117 εᾳν
683 1086 795 1117 λεγεινε
823 1077 921 1117 Turpe
936 1082 980 1107 est
994 1082 1044 1107 ta-

151 1132 231 1159 cere,
247 1127 275 1152 ct
290 1124 389 1153 sinere
401 1125 571 1153 Isocratem
584 1124 677 1163 loqui,
690 1122 729 1152 ad
740 1123 809 1152 Att.
825 1121 886 1159 VI,
905 1123 934 1150 8.
958 1120 1042 1150 Cum

154 1164 299 1195 Isocrates
315 1167 430 1196 scholas
450 1166 611 1196 rhetoricas
625 1165 800 1206 aperuisset,
817 1170 846 1194 et
860 1172 973 1203 magna
987 1163 1043 1192 ho-

150 1208 273 1238 minum
285 1209 451 1239 multitudo
460 1220 507 1239 eas
522 1209 737 1250 frequentaret,
749 1207 934 1242 Aristoteles,
947 1215 1045 1235 aemu-

151 1251 265 1282 latione
280 1258 460 1289 commotus,
477 1259 507 1282 et
520 1252 584 1292 ipse
602 1251 767 1282 rhetoricen
790 1249 902 1280 docuit.
922 1248 1044 1279 Eodem

152 1294 244 1324 modo
274 1294 390 1332 Cicero,
421 1305 493 1325 cum
522 1295 656 1325 Bibulus
692 1293 886 1334 triumphum
915 1296 1042 1333 peteret,

150 1342 242 1378 turpe
256 1348 319 1368 esse
333 1339 472 1379 putabat,
489 1337 514 1369 si
528 1347 590 1368 non
605 1343 634 1368 et
649 1337 712 1378 ipse
726 1341 850 1377 peteret.

195 1386 320 1422 Αισχρου
348 1388 509 1418 span-amm,
533 1381 742 1420 turpitudinis
770 1381 812 1409 im
820 1389 892 1418 ago,
917 1377 1041 1418 species,

150 1432 224 1453 cum
238 1423 320 1453 venit
335 1424 367 1453 in
382 1430 529 1462 mentem,
545 1424 673 1465 turpiter
688 1433 742 1453 nos
761 1422 905 1460 facturos,
930 1427 984 1452 aut
997 1420 1043 1451 fe-

151 1465 238 1503 cisse,
255 1466 294 1496 ad
308 1467 377 1497 Att.
394 1466 457 1505 IX,
475 1467 506 1496 6.

196 1508 376 1547 Ακαδημικη,
401 1520 440 1540 sc.
464 1510 609 1549 συνταξις,
630 1509 669 1539 ad
684 1508 753 1539 Att.
778 1506 880 1546 XIII,
902 1509 950 1538 12.
973 1505 1038 1537 vid.

151 1561 204 1592 ep.
225 1554 262 1581 16
277 1551 308 1580 h-
322 1552 343 1581 1.
369 1552 423 1582 ubi
449 1558 494 1582 est
520 1551 686 1590 Ακαδημικη
712 1552 854 1591 trum-agac.
878 1550 984 1581 Sermo
999 1554 1044 1579 est

151 1594 190 1625 de
204 1593 289 1624 libris
307 1592 460 1625 Ciceronis
478 1594 682 1633 Academicis,
704 1604 835 1635 quorum
858 1593 958 1634 primo
979 1591 1043 1622 duo

150 1642 248 1675 erant⁷
269 1636 346 1666 alter
367 1637 479 1675 Catuli,
505 1638 580 1668 alter
600 1637 726 1668 Luculli
748 1635 883 1674 nomine,
902 1635 986 1676 quod
1006 1634 1040 1666 in

149 1679 188 1710 iis
202 1679 235 1710 hi
249 1679 311 1710 duo
325 1679 363 1710 de
377 1680 564 1711 Academica
581 1679 773 1721 philosophi&
790 1679 978 1720 disputantes
992 1677 1042 1708 in-

149 1721 350 1754 ducebantur.
384 1723 407 1754 J
409 1733 460 1754 am
474 1723 590 1754 nobiles
610 1723 656 1753 illi
671 1721 796 1765 quidem
812 1727 917 1759 erant;
941 1720 994 1753 sed
1007 1720 1040 1752 in
