1137 1848
226 119 227 123 Ἰ
276 76 426 108 INDEX
448 76 735 109 HISTORICUS.
864 74 927 106 349

42 172 123 201 mus,
138 164 258 201 urbem,
273 165 312 195 ab
332 174 363 194 se
380 163 543 202 conditam,
561 164 695 194 Romam
708 172 746 193 an
762 161 929 192 Remoram

44 208 206 247 appellent.

89 250 125 284 Q.
143 250 222 287 Rex,
239 250 277 280 ad
292 249 364 280 Div.
381 248 480 287 XIII,
497 250 548 279 51.
566 261 581 280 e
597 249 713 279 familia
729 247 860 283 Marcia,
877 245 929 287 qui

45 292 77 322 in
93 292 181 323 causa
197 293 336 334 Pompeii
352 292 459 322 fuerat.
483 292 615 322 Videtur
626 292 819 332 magistratus
836 290 868 319 in
885 289 932 319 Si-

44 336 114 365 cilia
135 335 240 373 fuisse,
257 336 329 376 quia
344 335 371 365 ei
392 335 563 365 Melitensis
584 335 676 365 homo
693 332 931 364 commendatur.

45 378 117 414 Sed,
135 378 221 409 Orat.
241 377 287 415 ΙΙ,
304 380 355 409 29.
375 384 420 408 est
435 378 539 408 consul
554 378 596 408 A.
615 378 657 408 U.
672 378 746 414 636,
763 386 855 417 quem
880 375 932 405 de-

45 421 141 451 fendit
158 422 320 452 Antonius.

87 465 238 503 Rhinton,
256 465 320 495 Att.
345 463 372 501 Ι,
391 466 441 495 20.
463 466 553 504 poe'ta
576 463 708 494 comicus
724 460 931 492 Tarentinus:

47 517 85 537 ex
100 518 135 538 eo
150 518 252 538 versus
273 508 406 537 Graecus.
429 507 470 537 V.
486 507 671 547 interpretes.

90 551 207 588 Rhodo,
223 551 262 581 ad
278 550 350 581 Div.
371 550 418 586 ΙΙ,
440 552 487 580 18.
511 550 626 580 amicus
641 550 684 587 Q.
699 547 839 579 Thermi.

91 595 248 631 Romulus,
270 594 375 623 Divin.
393 592 439 629 II,
457 597 510 629 20,
527 603 597 623 cum
612 592 704 622 fratre
726 592 826 622 Remo
848 596 877 621 et
892 590 936 620 al-

48 636 120 667 trice
135 637 250 674 bellua,
267 636 297 666 vi
322 636 460 666 fulminis
483 635 560 666 ictus
584 635 723 666 concidit.
747 634 819 665 ibid.
838 632 866 671 I,
888 634 936 668 17.

50 678 97 716 ΙΙ,
114 683 164 712 38.
178 681 244 719 ejus
258 679 362 709 lituus.
386 678 458 709 ibid.
476 677 504 715 I,
522 683 551 708 2.
564 681 617 709 48.
631 689 728 718 augur
744 687 814 708 cum
830 677 932 707 fratre.

48 722 124 752 Nat.
140 722 181 752 D.
200 722 265 759 ΙΙΙ,
286 726 316 753 2.
333 721 467 762 auspicia
482 721 646 752 constituit.
671 721 747 761 Leg.
767 721 796 756 Ι,
817 722 842 749 l.
859 719 938 749 dixit

46 765 68 795 J
72 766 134 796 ulio
151 765 294 802 Proculo,
311 776 341 796 se
357 764 463 795 Deum
479 774 552 794 esse.
575 765 667 794 Balb.
688 768 735 794 13.
750 763 877 794 Sabinos
892 773 938 793 re-

47 808 120 849 cipit
135 808 166 838 in
181 809 344 839 civitatem.

93 852 133 882 L.
151 853 286 887 Roscius,
311 851 392 881 Phil.
410 850 472 887 IX,
490 855 521 881 2.
542 850 660 890 legatus
676 850 900 887 Romanorum,
922 858 940 878 a

50 894 144 925 Larte
159 894 327 924 Tolumnio
344 894 467 924 Fidenis
479 893 662 923 interfectus.

95 938 134 974 Q.
160 939 295 975 Roscius,
312 937 421 975 Quint.
439 939 490 967 24.
514 936 554 974 Q.
571 937 662 966 Rosc.
681 936 712 971 7.
739 934 849 966 eximie
871 934 939 964 lau-

51 980 151 1010 datur.
167 980 205 1011 de
221 981 252 1010 N
257 1002 263 1009 .
280 980 321 1010 D.
340 980 368 1016 Ι,
386 980 438 1009 28.
464 979 611 1020 perversis
634 979 728 1009 oculis
754 985 807 1009 est.
830 977 938 1007 Divin-

50 1022 79 1061 Ι,
96 1024 148 1053 36.
166 1033 284 1054 amores
300 1029 329 1053 et
345 1022 460 1052 deliciae
476 1022 637 1052 Ciceronis.
675 1021 712 1051 In
734 1021 856 1052 Solonio
882 1021 939 1050 cir-

47 1066 248 1106 cumplicatur
260 1065 404 1106 serpentis
419 1065 579 1106 amplexu:
596 1064 770 1105 haruspices
785 1073 938 1104 auguran-

48 1114 99 1139 tur
114 1109 281 1139 claritatem
305 1110 379 1148 ejus.
404 1108 480 1148 Leg.
498 1108 526 1143 Ι,
544 1109 574 1137 4.
602 1117 694 1138 senex
711 1107 854 1137 tardiores
869 1106 938 1136 fecit

50 1151 148 1182 tibias.
173 1152 266 1182 Arch.
285 1153 314 1182 8.
331 1153 396 1191 ejus
410 1161 505 1180 mors.
530 1150 635 1180 Divin.
653 1151 702 1187 ΙΙ,
715 1151 766 1180 31.
784 1151 842 1180 ἃς.

92 1196 160 1226 Sex.
178 1196 289 1232 Roscii,
306 1195 396 1224 Rosc.
414 1194 487 1223 Am.
504 1194 533 1223 6.
553 1203 591 1223 ex
607 1193 754 1224 Amerino
768 1192 936 1232 municipio

47 1237 229 1279 municipes,
256 1243 341 1278 pater
357 1243 386 1267 et
400 1237 481 1266 filius
499 1236 575 1277 (vid.
600 1247 719 1277 argum.
745 1235 836 1274 orat.)
872 1235 936 1266 Off.

48 1279 95 1318 II,
111 1282 160 1311 14.
178 1281 257 1311 filius
269 1292 287 1310 a
303 1279 448 1312 Cicerone
464 1285 566 1309 contra
580 1278 621 1309 L.
637 1280 732 1310 Sullae
751 1278 936 1310 dominantis

46 1324 214 1365 potentiam
230 1323 371 1354 defensus
387 1328 439 1353 est.

93 1367 127 1397 T.
145 1367 259 1404 Roscii,
276 1367 366 1396 Rosc.
382 1366 459 1396 Am.
475 1366 505 1396 6.
522 1365 632 1405 Capito
652 1370 681 1395 et
697 1364 846 1405 Magnus,
866 1374 936 1394 mu-

48 1409 162 1450 nicipes
175 1409 325 1446 Amerini,
342 1408 505 1449 propinqui
520 1408 616 1445 Sexti,
633 1418 765 1448 quorum
781 1405 870 1448 opera
884 1417 938 1448 pa-

48 1457 94 1483 ter
109 1454 140 1483 S.
161 1452 289 1483 Roscius
304 1452 487 1489 interfectus,
505 1457 534 1481 et
550 1450 630 1481 filius
641 1456 795 1481 accusatus
811 1457 864 1481 est.

95 1497 128 1526 C.
145 1496 335 1531 Rubellium,
352 1494 389 1525 ad
402 1494 476 1524 Div.
492 1492 575 1531 XII,
590 1495 640 1524 26.
654 1504 709 1534 pro
725 1504 786 1534 quo
800 1493 938 1523 Graevius

49 1548 66 1569 e
80 1538 175 1569 MSS.
191 1538 324 1579 reposuit
340 1539 506 1575 Rubenius,
517 1536 599 1578 quod
607 1537 673 1576 jam
688 1536 841 1567 Ursinoin
852 1545 939 1567 men-

49 1587 113 1611 tem
129 1587 261 1612 venerat.

93 1624 222 1661 Rubria,
239 1624 278 1654 ad
293 1624 365 1654 Div.
381 1622 446 1660 IX,
463 1627 516 1654 21.
533 1621 681 1655 Carbonis
696 1622 869 1662 cujusdam,
885 1621 938 1652 Ci-

49 1676 164 1696 ceroms
180 1667 280 1703 amici,
296 1673 403 1698 mater.

94 1709 238 1748 Rubrius,
266 1709 355 1740 Verr.
379 1709 424 1749 ΙΙ,
441 1712 492 1741 25.
515 1709 653 1740 minister
672 1708 777 1740 Verris
798 1717 938 1749 proquae-

49 1751 145 1782 storis.
171 1751 258 1784 Idem
273 1753 391 1786 videtur
406 1764 477 1786 cum
493 1753 534 1794 Q.
551 1753 681 1791 Rubrio,
698 1752 760 1792 IV,
776 1752 828 1783 80.

94 1794 243 1838 (Clavis.)
655 1797 675 1826 2
697 1803 724 1826 u
