1137 1848
324 47 474 80 INDEX
496 47 781 81 HISTORICUS.
930 50 993 85 275

111 133 324 165 indoctissimis
342 144 375 165 se
390 134 515 165 scribere
529 134 611 165 dicit.
629 134 702 165 ibid.
724 135 752 173 Ι,
782 136 828 166 16.
853 135 995 166 inimicus

112 178 155 215 Q.
182 177 289 208 Mucio
313 177 475 213 Scaevolae3
499 177 591 207 homo
614 177 719 207 doctus
743 184 772 208 et
797 180 994 219 perurbanus.

112 220 281 251 Neminem
295 226 443 251 oratorem
470 220 585 257 statuit,
607 220 661 260 qui
675 230 735 250 non
751 221 789 251 sit
803 221 944 251 omnibus
959 221 997 251 li-

110 263 263 294 beralibus
278 263 391 293 artibus
406 263 552 293 imbutus.
575 262 613 292 ad
637 263 709 293 Div.
725 263 808 303 XII,
833 265 881 294 16.
905 264 997 294 liber-

111 311 158 336 tas
173 306 237 345 ejus
251 306 283 336 in
298 305 531 347 perstringendis
546 305 730 336 hominibus.

153 349 193 379 L.
213 349 347 379 Lucilius
361 350 484 387 BalbuS,
504 349 594 378 Brut.
611 349 662 377 42.
679 348 794 387 doctus,
812 350 875 380 Ser.
892 349 995 390 Sulpi-

109 390 148 422 cii
176 398 350 432 praeceptor.
382 391 533 422 Corradus
556 391 681 421 fratrem
706 398 794 432 putat
819 392 941 430 Quinti,
967 397 996 422 et

109 439 228 474 patrem
243 434 282 464 L.
295 435 332 464 ad
348 434 421 465 Div.
434 433 498 471 III,
515 435 544 463 4.

153 479 194 508 L.
218 477 363 514 Lucilius,
387 477 425 507 ad
446 477 518 506 Div.
536 475 601 514 III,
623 477 652 506 4.
670 476 787 507 videtur
807 477 885 507 inter
900 477 997 518 Appii

110 519 240 550 Pulchri
255 520 378 550 comites
392 519 424 549 in
437 519 545 550 Cilicia
559 520 661 550 fuisse.

155 562 192 598 Q.
209 563 348 593 Lucilius
361 563 485 599 Balbus,
502 562 577 592 Nat.
592 562 633 592 D.
652 561 680 600 Ι,
702 562 732 597 7.
756 563 886 599 Stoicus,
911 563 997 593 Grae-

108 604 150 636 cis
165 615 229 645 par.
254 604 361 645 Itaque
376 605 467 635 etiam
482 604 535 635 lib.
554 604 600 642 II,
623 605 777 635 inducitur
792 616 808 635 e
824 606 995 636 Stoicorum

112 646 271 688 disciplina
286 648 439 688 explicans
453 648 554 677 locum
571 648 608 678 de
622 648 731 678 natur&
748 647 897 678 Deorum.

154 692 235 721 Seoet.
251 691 400 725 Lucilius,
416 690 454 720 ad
470 691 535 719 Att.
552 691 595 727 V,
612 694 664 721 20.
681 690 721 720 T.
739 690 829 721 Gavii
845 691 995 732 Caepionis

110 733 154 763 fil.
167 733 237 763 trib.
249 733 315 763 mil.
327 734 358 763 in
374 733 505 763 exercitu
521 733 637 763 Bibuli.

153 775 301 813 Lucilius,
324 776 363 806 ad
378 776 451 806 Div.
468 774 551 813 XII,
569 779 615 806 13.
632 775 718 806 classi
733 775 903 806 Dolabeuae
917 787 996 817 prae-

110 818 206 849 fectus
226 819 258 849 in
273 818 353 849 Asia
367 824 435 859 post
451 818 576 849 Caesaris
591 826 730 849 mortem.
756 819 826 856 Sed,
844 819 916 859 quia
931 820 998 860 Ap-

107 862 218 902 pianus
233 862 272 892 1..
288 861 437 902 Figulum
446 861 528 892 hunc
539 861 715 902 praefectum
730 861 822 892 fuisse
838 862 922 899 dicit,
934 872 999 892 cor-

108 910 236 944 ruptum
260 904 362 934 locum
388 904 445 934 vdri
468 903 548 934 docti
573 905 772 944 suspicantur.
803 904 966 935 Manutius
982 914 999 934 e

111 946 209 977 Codd.
225 947 287 987 legi
301 947 431 983 volebat,
449 948 574 977 Lucius.
598 947 792 977 Praenomina
812 947 893 978 enim
908 947 1001 977 inter-

108 989 183 1019 dum
214 999 270 1030 pro
299 990 473 1020 nominibus
502 996 556 1020 aut
579 990 810 1030 cognominibus
834 996 999 1031 ponuntur.

108 1032 263 1063 Victorius
292 1032 472 1074 suspicatur,
498 1033 525 1063 ei
548 1033 669 1063 Lucilio
700 1042 868 1073 cognomen
894 1032 999 1073 Figuli

105 1075 208 1106 fuisse.

152 1119 302 1156 Lucretia,
318 1117 454 1150 Lucretii
468 1117 643 1159 Tricipitini
663 1117 735 1148 filia.
756 1118 833 1159 Leg.
851 1116 898 1156 ΙΙ,
914 1117 944 1147 4.
961 1117 999 1148 de

108 1160 179 1192 Fin.
193 1159 209 1190 Ι
213 1160 240 1199 Ι,
253 1162 305 1191 20.

152 1203 204 1234 M.
218 1205 389 1242 Lucretius,
402 1203 490 1234 Verr.
508 1202 554 1240 ΙΙ,
565 1204 595 1238 7.
612 1210 740 1234 senator.

154 1248 190 1280 Q.
207 1248 365 1277 Lucretius
384 1247 514 1285 Vespillo.
536 1247 626 1277 Brut.
641 1248 692 1277 48.
704 1246 782 1285 juris
797 1246 923 1286 peritus.

155 1290 192 1325 Q.
208 1291 379 1327 Lucretius,
395 1290 463 1319 Att.
475 1289 535 1326 IV,
557 1291 604 1320 16.
619 1296 739 1319 accusat
752 1288 901 1319 Drusum.
920 1288 996 1326 VII,

108 1334 162 1362 24.
178 1335 230 1362 25.
257 1331 416 1362 familiaris
437 1332 546 1363 Cassii.
573 1331 672 1370 VIII,
694 1333 723 1362 4.
747 1332 927 1362 Sulmonem
951 1332 1000 1361 fu-

127 1380 160 1404 it.

104 1384 126 1415 g
154 1416 186 1446 T.
204 1417 365 1448 Lucretius
386 1418 493 1457 Carus,
510 1417 552 1456 Q.
568 1417 620 1448 Fr.
635 1415 681 1455 ΙΙ,
702 1421 750 1448 11.
772 1418 837 1457 ejus
858 1417 1000 1458 poemata

107 1459 281 1490 laudantur.

154 1501 208 1533 Cn.
226 1503 385 1541 Lucullus,
407 1502 473 1533 Att.
498 1502 575 1541 XV,
603 1506 630 1533 1.
651 1502 808 1532 familiaris
833 1502 996 1541 Ciceronis,

106 1550 236 1575 matrem
249 1545 333 1575 effert
345 1557 354 1576 ς
378 1545 410 1575 in
425 1546 531 1575 funere
542 1545 625 1576 adest
637 1545 751 1576 Cicero.

149 1589 190 1618 L.
203 1589 364 1627 Lucullus,
381 1588 491 1626 Quint.
510 1589 558 1618 16.
576 1588 652 1627 juris
661 1588 784 1629 peritus.
799 1587 878 1626 Quis
893 1588 995 1625 fuerit,

107 1630 217 1662 nescio.
240 1631 411 1662 Probabilis
429 1637 473 1661 est
488 1632 659 1670 conjectura
682 1631 718 1662 P.
736 1631 885 1669 Manutii,
908 1631 999 1662 corri-

105 1673 216 1713 gentis,
241 1674 277 1704 L.
294 1675 434 1704 Lucilius
446 1685 456 1710 ,-
480 1673 518 1704 de
533 1684 595 1714 quo
617 1683 718 1715 supra.
742 1674 814 1704 Nisi
837 1680 939 1704 tamen
955 1680 1000 1704 est

99 1714 139 1754 iS‚
154 1716 208 1757 qui
228 1716 259 1748 in
275 1716 355 1757 Tog.
370 1715 465 1749 Cand.
479 1722 632 1749 accusator
650 1717 791 1749 Catilinae
806 1726 993 1749 commemo-
