1137 1848
352 35 500 67 INDEX
525 36 698 67 LEGUM.
930 33 970 69 47

85 120 137 151 lib.
155 119 218 158 IX,
234 132 258 151 c.
275 122 330 159 39)
344 133 353 157 ς
371 122 453 153 unde
467 123 572 153 sam-ati
586 122 711 152 militcs:
728 121 801 152 ibid.
817 131 841 151 c.
856 120 907 150 40.
932 118 971 149 In

85 164 225 193 eamdem
241 165 420 196 sententiam
432 165 621 203 Perizonius,
644 165 675 194 in
690 163 973 194 Animadversioni-

85 206 154 243 bus,
168 206 205 236 de
220 207 337 248 legibus
354 207 474 239 sacratis
490 208 621 238 tradidit.
651 208 710 238 Est
724 208 808 238 locus
828 217 853 236 c.
872 207 922 244 lo,
939 217 971 246 p.

86 249 160 279 418.
194 249 346 281 Caeterum
367 252 450 282 locus
472 251 523 281 ille
543 251 683 281 classicus
703 257 731 281 et
748 249 919 290 praecipuus
934 259 972 278 ex

81 292 215 322 oratione
238 304 293 333 pro
317 295 428 331 Balbo,
459 300 488 324 et
518 292 709 331 Corneliana,
738 293 875 333 fugiebat
904 297 972 321 tum

81 344 239 365 summum
258 336 376 367 virum
369 349 376 355 ·
400 338 474 368 item
489 337 564 367 alter
578 337 630 367 ifle
644 336 792 367 Livianus
806 335 844 365 de
859 333 973 365 sacrata

81 377 325 410 111i1itari.111ud
340 390 439 410 unum
453 380 576 417 addam,
590 379 696 417 Lenem
710 379 736 408 1
735 380 849 409 uletiam
865 377 972 408 eadem

80 419 214 451 formula
234 423 351 461 sanciri,
373 424 461 464 qu&⁴
450 429 563 454 sacrata
578 423 750 461 tubunicia,
766 432 814 463 ap.
838 420 969 460 Dionys

82 462 143 501 VI,
160 475 190 504 p.
207 465 279 495 410.

127 506 253 537 Scatinin
269 508 317 539 vel
332 509 492 546 Scantinia,
512 509 601 543 (mire
619 508 701 539 enim
720 508 752 538 in
774 506 971 541 hocnomine

81 549 198 580 variant
214 551 299 581 codd.
323 552 354 582 V
355 552 396 582 id
410 552 436 582 F
439 562 527 582 errar
551 552 590 582 ad
617 552 698 582 Phil.
725 551 793 589 III,
810 552 844 588 6)
870 550 932 580 lata
952 560 970 579 a

83 591 163 622 Scati
156 595 223 630 mia,
241 594 308 625 trib
324 595 366 635 pl
376 595 419 625 A.
436 595 478 625 U.
493 595 623 625 dubium
639 605 711 635 quo,
729 596 759 623 in
773 594 871 623 molles
881 599 907 622 et
924 593 969 626 es-

68 635 240 676 seminatos,
264 639 314 686 qni
335 638 465 679 nefanda
495 640 603 669 Veneve
627 643 793 672 uterentur,
814 637 845 666 h.
867 646 893 666 e.
916 642 971 666 aut

79 677 137 718 ipsi
160 680 321 710 muliebria
341 687 526 721 paterentur,
549 687 602 711 aut
623 681 724 721 pueris
739 680 802 710 vim
825 679 967 716 facerent,

80 721 193 762 quibus
208 733 296 764 poena
311 723 415 754 decem
430 725 563 754 millium
578 733 778 754 nummorum
793 723 968 757 statuebam

79 774 118 794 ex
134 776 194 805 qua
209 766 289 795 sibi'
281 766 418 797 mimicos
427 766 647 797 accusationem
662 766 774 796 minari
788 765 889 795 scribit
901 765 969 795 Coe-

79 807 150 843 lius.
168 808 206 838 ad
216 809 288 838 Div.
306 811 336 845 8,
354 810 402 839 13.
426 810 565 840 Cf.Phi1.
586 810 654 847 ΙΙΙ,
671 810 701 839 6.
725 809 777 839 Ex
793 819 827 838 eo
841 808 907 838 loco
922 808 969 837 in-

76 850 234 890 telligitur,
252 852 327 893 legis
342 853 469 883 latorem
487 852 649 882 Aricinum
661 852 763 883 fuisse.
791 852 820 882 V
824 851 865 881 id.
879 851 969 891 plura

78 903 128 933 ap.
152 893 277 924 Gravin.
303 895 411 936 Origg.
437 896 458 926 J
462 907 507 926 ur.
533 896 572 925 R.
599 906 630 936 p.
650 896 725 932 4:33,
749 895 795 925 ed.
821 903 891 924 nov.
908 893 967 922 im-

77 936 184 976 primis
200 937 380 976 Christium,
398 939 438 969 V.
456 939 520 969 Cel.
534 939 571 968 de
583 938 667 978 Lege
683 937 826 969 Scatinia.

122 979 298 1019 Semproniae
324 980 414 1021 Leges
437 982 611 1017 laudantur.
634 981 715 1011 Phil.
735 982 764 1019 I,
782 981 800 1016 7
813 992 822 1010 2
846 979 884 1010 de
899 979 968 1020 qui-

80 1022 138 1052 bus
152 1023 298 1063 legendus
314 1024 470 1055 Plutarch.
483 1025 515 1054 in
531 1024 685 1054 Gracchis.

122 1064 184 1096 Tib.
197 1066 328 1097 Gracchi
342 1067 475 1107 Agraria
487 1067 664 1105 Sempronia,
680 1077 718 1097 ne
734 1066 802 1107 quis
817 1065 882 1106 agri
897 1066 968 1106 plus

76 1118 170 1149 quam
183 1109 349 1150 quingenta
357 1111 465 1151 jugera
476 1110 651 1151 possideret,
665 1110 747 1151 quod
756 1110 821 1149 jam
834 1109 900 1149 lege
919 1110 969 1139 Li-

73 1152 154 1181 cinid
171 1153 302 1183 Stolonis
317 1159 440 1183 cautum
450 1154 560 1190 fuerat,
572 1153 623 1183 sed
633 1153 805 1193 neglectum
818 1152 883 1191 jam
895 1151 966 1181 diu:

75 1200 105 1224 et
120 1200 155 1224 ut
170 1201 228 1226 tres
243 1196 299 1226 viri
321 1196 441 1227 tributis
459 1196 587 1228 comitiis
604 1202 785 1233 crearentur,
806 1195 861 1236 qui
879 1204 966 1234 agros

74 1237 253 1275 dividerent,
269 1249 345 1279 quos
357 1239 464 1270 divites
475 1245 584 1280 praeter
598 1239 680 1269 hunc
689 1238 817 1269 modum
832 1237 967 1278 posside-

74 1286 151 1310 rent.
175 1281 242 1311 Lex
254 1282 369 1322 perlata
380 1292 441 1312 non
456 1288 509 1313 est.
533 1282 606 1312 vid.
618 1281 818 1312 Plutarchum
829 1280 860 1310 in
872 1281 966 1310 Grac-

73 1323 146 1353 chis.
176 1323 225 1354 De
237 1325 370 1355 motibus
384 1326 509 1365 agrariis
524 1325 594 1355 inde
603 1325 698 1365 alege
714 1323 844 1361 Licinia,
860 1323 892 1352 in
904 1323 966 1363 pri-

74 1366 133 1396 mis
147 1366 371 1406 de·5en1pr071i‹⁶1‚
383 1368 584 1409 vid.Appian.
596 1368 636 1398 B.
645 1368 681 1398 C.
698 1367 747 1403 11,
759 1368 790 1404 2,
804 1367 833 1402 l,
848 1377 878 1406 p.
890 1367 965 1402 604,

74 1408 121 1438 ed.
136 1410 218 1440 Tou.
245 1411 356 1441 Velleii
373 1410 419 1448 ΙΙ,
443 1413 485 1447 2;
510 1411 594 1451 Epit.
616 1410 684 1440 Liv.
704 1411 756 1447 58,
774 1415 802 1439 et
817 1409 860 1439 ibi
875 1408 961 1438 Duk.

74 1451 260 1492 Fragmenta
274 1454 339 1493 ejus
350 1454 425 1494 legis
437 1455 528 1484 habet
539 1453 670 1491 Gon-sius,
679 1454 742 1484 Ser.
754 1453 832 1492 Agr.
849 1462 879 1492 p.
891 1452 965 1481 349.

73 1494 177 1534 Sigon.
198 1495 236 1526 de
251 1496 293 1526 A.
313 1497 346 1527 J.
363 1496 389 1526 I.
405 1497 453 1533 ΙΙ,
470 1499 500 1527 2.
528 1497 579 1526 Ex
595 1496 630 1526 θὲι
645 1497 712 1537 lege
727 1501 757 1526 et
771 1495 895 1525 coloniae
912 1494 964 1524 de-

73 1537 217 1568 ducendae
229 1545 323 1569 erant.
347 1540 388 1570 V.
403 1540 518 1580 Agrar.
536 1538 582 1576 11,
602 1540 652 1577 12,
672 1546 701 1569 et
715 1538 757 1569 ibi
773 1538 898 1568 Manut.

117 1581 153 1612 C.
165 1581 294 1612 Gracchi
310 1582 526 1613 Frumentaria.
552 1582 626 1613 Vid.
641 1583 672 1612 in
689 1582 793 1611 Frum.
810 1580 877 1610 LL.

119 1624 151 1654 C.
170 1623 300 1655 Gracchi
323 1627 358 1655 de
377 1626 542 1665 provinciis.
573 1625 623 1656 De
643 1625 679 1656 εἲι
693 1625 762 1656 vide
775 1624 964 1664 Argument.

72 1665 129 1696 Or.
144 1667 184 1698 de
199 1668 340 1700 Provinc.
355 1668 447 1700 Cons.
467 1669 628 1710 ipsamque
642 1668 819 1700 orationem.
840 1665 965 1698 Lauda-
