1122 1868
141 54 201 84 168
355 55 505 86 INDEX
528 54 816 88 HISTORICUS.

140 139 290 171 Catonem
307 139 470 172 Ciceronis.
486 142 580 175 (Gell.
593 141 653 179 IV,
669 141 732 180 16.)
746 141 785 172 ad
801 142 866 173 Att.
880 140 961 177 XII,
972 143 1025 173 41.

136 183 174 214 de
189 183 303 214 Catone
319 189 347 214 et
370 191 471 214 contra
488 184 635 215 Catonem
652 185 763 215 scribit.
780 185 818 216 de
841 185 913 215 Div.
930 184 977 222 II,
994 187 1024 215 9.

135 226 168 256 in
186 225 280 257 Curia
301 226 446 268 Pompeia
467 234 536 258 ante
559 228 756 258 simulacrum
780 228 918 269 Pompeii
933 228 1026 258 truci-

140 269 229 300 datus
242 271 332 308 jacet,
350 271 406 300 ἃς.

183 314 214 343 C.
234 314 326 343 Caesar
345 313 493 349 Octavius,
514 313 594 343 Phil.
614 314 681 349 ΙΙΙ,
703 316 749 344 15.
765 313 803 343 ad
819 314 940 343 senat-fis
955 323 1027 343 auc-

136 356 287 385 toritatem
303 366 333 385 se
354 356 476 386 confert.
495 356 576 386 Phil.
595 356 657 392 XI,
677 357 704 385 8.
721 356 942 386 adolescentulo
969 355 1029 385 im-

137 399 256 438 perium
276 399 545 429 extraordinarium
563 399 666 429 Cicero
690 399 838 429 sententia
854 399 909 428 sua
925 398 1027 428 tradit.

138 441 177 470 ad
194 441 264 471 Div.
280 440 342 478 XI,
358 444 407 471 ⁶20.
420 442 534 472 dictum
551 442 702 472 Ciceronis
717 452 795 482 aegre
810 441 876 471 fert.

182 485 221 514 L.
238 486 342 519 Caesar.
358 484 393 513 L.
411 484 432 513 f.
452 485 544 514 Tusc.
563 484 604 519 V,
626 487 672 514 19.
688 486 774 523 jussu
791 483 898 514 Cinnae
912 483 1027 514 interfi-

139 527 226 557 citur.
251 527 307 557 Est
322 528 357 562 is,
375 527 508 567 quicum
539 528 705 563 RRutilio,
724 528 762 557 A.
778 527 818 557 U.
832 528 906 563 663,
922 527 1027 557 consul

140 570 217 600 fuit:
243 570 278 599 C.
292 570 391 599 frater.
413 570 505 600 Adde
519 571 549 599 in
569 571 606 600 L.
619 572 733 600 Julius.

182 613 211 642 L
230 615 337 649 Caesar,
351 613 454 642 Plane.
468 616 518 641 21.
532 613 690 643 aediliciam
700 612 853 653 repulsam
865 613 945 642 tulit.
959 610 1027 642 Cat.

142 654 191 685 IV
193 678 202 691 ,
220 656 248 685 6.
266 655 373 685 sororis
389 655 488 685 virum
506 655 540 684 P.
554 655 721 685 Lentulum
737 665 872 685 socerum
889 655 1029 685 Catilinae

140 698 381 728 interficiendum
406 704 514 727 censet.
538 698 661 728 Muren.
689 699 739 728 34.
766 699 810 736 (et
834 698 898 728 Att.
930 696 957 733 Ι,
980 697 1027 736 2.)

140 741 244 771 consul
267 751 335 770 cum
363 740 400 771 C.
415 740 537 780 Figulo,
563 742 618 781 (A.
641 742 727 776 689.)
751 740 869 771 sctum
893 740 964 770 facit
989 740 1030 770 si.

140 784 213 813 mile
228 783 287 822 legi
305 784 407 813 Fabiae
419 783 455 812 de
470 793 598 813 munero
613 790 803 813 sectatorum.
821 783 858 813 ad
875 783 946 813 Div.
967 782 1026 820 [X.

145 829 193 856 14.
211 832 333 866 aegrotat
350 826 490 866 Neapoli.
517 827 621 865 Hujus
642 826 749 856 sororis
764 826 843 856 filius
860 826 910 857 M.
928 826 1030 856 Anto-

139 869 209 899 nius
224 869 291 899 fuit.
309 869 347 898 ad
361 869 432 898 Div.
447 869 490 900 X.
504 870 552 898 ⁶28.
569 869 683 910 optime
699 869 797 904 sentit,
815 868 866 899 sed
881 869 912 898 in
928 869 1030 899 Anto-

141 912 228 942 nium
253 922 314 942 non
334 912 440 942 acriter
467 912 549 949 dicit,
581 912 653 952 quia
683 913 747 950 ejus
777 912 944 942 avunculus
973 917 1027 941 est.

144 955 224 985 Phil.
247 955 309 993 VI,
338 957 366 984 5.
391 965 534 994 agrorum
562 955 795 994 assignationem
823 954 1030 984 Antonianam

143 997 291 1027 sententia
314 998 368 1027 sua
389 998 534 1033 dissolvit.
556 1003 596 1034 et,
619 999 745 1036 juvante
770 996 923 1035 Cicerone,
946 995 1029 1026 VII-

145 1040 258 1071 Virhm
274 1046 340 1070 acta
355 1040 484 1070 sustulit.
509 1041 585 1071 Suu.
609 1043 657 1071 19.

187 1085 227 1114 L.
246 1085 356 1120 Θάτην,
375 1084 411 1113 L.
429 1083 449 1112 f.
466 1083 559 1123 (Caes.
582 1084 620 1113 B.
640 1084 676 1113 C.
696 1086 722 1113 l.
738 1084 782 1120 8.)
799 1083 864 1112 Att.
878 1082 959 1119 VII,
977 1085 1025 1112 153.

141 1126 287 1156 mandata
310 1125 523 1156 absurdissima
538 1137 556 1156 a
572 1125 691 1157 Caesare
713 1126 814 1162 habet.
836 1135 896 1155 non
922 1125 1024 1160 homo.

141 1169 194 1199 sed
210 1179 306 1207 scopae
321 1169 444 1198 solutae:
473 1169 510 1199 de
530 1179 591 1209 quo
614 1168 753 1209 pluribus
776 1179 844 1208 epp.
860 1178 941 1208 seqq.
972 1168 1026 1198 Ad

142 1211 215 1242 Div.
235 1211 296 1247 IX,
314 1212 344 1246 7.
374 1211 430 1241 Est
444 1211 525 1241 idem
548 1218 733 1252 proquaestor
748 1209 872 1248 Africae,
888 1210 948 1247 cui,
966 1210 1026 1241 C?-

140 1260 210 1285 tone
225 1255 391 1291 interfecto,
415 1254 515 1284 Caesar
538 1255 632 1284 vitam
652 1253 803 1284 concessit.
820 1254 860 1283 V.
876 1254 986 1284 Caesar.
1004 1254 1016 1283 l

143 1308 168 1328 c.
186 1304 215 1328 et
229 1298 310 1327 Hirt.
328 1298 366 1327 B.
384 1297 454 1326 Afr.
470 1307 494 1327 c.
511 1298 563 1328 89.

185 1341 252 1370 Ser.
272 1342 377 1376 amar,
400 1340 532 1381 Harusp.
550 1342 579 1370 6.
592 1341 702 1370 flamen
719 1339 896 1377 Quirinalis.

190 1384 350 1419 Caeoennia,
364 1382 474 1413 Caecin.
490 1384 519 1412 4.
541 1383 780 1423 Tarquiniensis.

191 1426 226 1455 P.
241 1426 416 1456 Caeoennius.
428 1425 501 1455 ibid.
518 1427 548 1456 4.
565 1425 805 1466 Tarquiniensis.

189 1469 224 1498 C.
241 1469 392 1501 Coeserz'ns.
411 1468 479 1508 Lig.
498 1471 545 1498 ll.
561 1479 652 1509 eques
668 1469 758 1498 Rom.
773 1467 889 1508 Ligarii
903 1466 1029 1498 advoca-

145 1516 204 1541 tus.
229 1511 309 1540 Phil.
328 1510 428 1547 XIII,
448 1514 495 1541 15.
513 1512 580 1542 trib.
597 1512 640 1552 pl.
652 1522 669 1541 a
682 1511 800 1541 Caesare
809 1512 846 1540 ab
856 1520 918 1550 rep.
931 1520 1029 1540 remo-

143 1560 202 1584 tus.
223 1553 302 1583 Phil.
318 1553 382 1588 ΙΙΙ.
401 1557 446 1583 10.
463 1554 647 1591 provinciam
659 1554 715 1584 sibi
727 1555 764 1583 ab
777 1553 912 1582 Antonio
926 1552 1030 1582 datam

143 1596 301 1626 recusavit.
336 1597 420 1626 Add.
440 1596 520 1627 Vell.
548 1596 595 1632 ΙΙ,
621 1598 672 1626 68.
700 1596 754 1626 ubi
777 1606 805 1626 v.
832 1595 1027 1635 interpretes;

144 1649 272 1680 quorum
291 1640 393 1669 nullus
408 1640 480 1669 locis
496 1639 646 1670 Ciceronis
661 1649 732 1669 usus
747 1645 800 1669 est.

193 1682 225 1711 Ρ.
243 1683 388 1718 Caesetius.
406 1682 490 1712 Verr.
508 1683 569 1719 VI,
587 1684 638 1712 25.
654 1682 771 1722 legatus
786 1680 899 1711 Verris.

187 1725 227 1755 L.
245 1726 364 1760 Caesius,
380 1725 422 1762 Q.
438 1725 489 1754 Fr.
514 1724 540 1762 Ι,
558 1728 608 1755 14.
629 1724 667 1755 de
690 1725 809 1755 cohorte
832 1723 972 1765 prat-toria
986 1722 1030 1761 Q.
