<?xml version="1.0" encoding="UTF-8"?>
<!DOCTYPE html PUBLIC "-//W3C//DTD XHTML 1.0 Transitional//EN"
    "http://www.w3.org/TR/xhtml1/DTD/xhtml1-transitional.dtd">
<html xmlns="http://www.w3.org/1999/xhtml" xml:lang="en" lang="en">
 <head>
  <title>
</title>
<meta http-equiv="Content-Type" content="text/html;charset=utf-8" />
  <meta name='ocr-system' content='tesseract 3.04.00' />
  <meta name='ocr-capabilities' content='ocr_page ocr_carea ocr_par ocr_line ocrx_word'/>
</head>
<body>
  <div class='ocr_page' id='page_1' title='image "./operaern12ciceuoft_0171.png"; bbox 0 0 1137 1848; ppageno 0'>
   <div class='ocr_carea' id='block_1_1' title="bbox 308 95 979 128">
    <p class='ocr_par' dir='ltr' id='par_1_1' title="bbox 308 95 979 128">
     <span class='ocr_line' id='line_1_1' title="bbox 308 95 979 128; baseline 0.003 -2"><span class='ocrx_word' id='word_1_1' title='bbox 308 95 457 127; x_wconf 89' lang='lat' dir='ltr'><strong>INDEX</strong></span> <span class='ocrx_word' id='word_1_2' title='bbox 482 96 770 128; x_wconf 82' lang='lat' dir='ltr'>HISTORICUS.</span> <span class='ocrx_word' id='word_1_3' title='bbox 920 98 979 128; x_wconf 84' lang='grc'>159</span> 
     </span>
    </p>
   </div>
   <div class='ocr_carea' id='block_1_2' title="bbox 91 180 994 1767">
    <p class='ocr_par' dir='ltr' id='par_1_2' title="bbox 93 180 980 255">
     <span class='ocr_line' id='line_1_2' title="bbox 138 180 980 225; baseline 0.005 -15"><span class='ocrx_word' id='word_1_4' title='bbox 138 180 237 219; x_wconf 76' lang='lat' dir='ltr'>Biton,</span> <span class='ocrx_word' id='word_1_5' title='bbox 254 181 346 212; x_wconf 83' lang='lat' dir='ltr'>Tusc.</span> <span class='ocrx_word' id='word_1_6' title='bbox 363 181 390 219; x_wconf 89' lang='grc' dir='ltr'>Ι,</span> <span class='ocrx_word' id='word_1_7' title='bbox 407 183 458 218; x_wconf 89' lang='grc'>47.</span> <span class='ocrx_word' id='word_1_8' title='bbox 481 182 581 213; x_wconf 81' lang='lat' dir='ltr'>Pietas</span> <span class='ocrx_word' id='word_1_9' title='bbox 595 183 627 213; x_wconf 86' lang='lat' dir='ltr'>in</span> <span class='ocrx_word' id='word_1_10' title='bbox 643 189 792 220; x_wconf 80' lang='lat' dir='ltr'><strong>matrem3</strong></span> <span class='ocrx_word' id='word_1_11' title='bbox 816 193 898 214; x_wconf 81' lang='lat' dir='ltr'>mors</span> <span class='ocrx_word' id='word_1_12' title='bbox 913 183 980 225; x_wconf 86' lang='lat' dir='ltr'>pla-</span> 
     </span>
     <span class='ocr_line' id='line_1_3' title="bbox 93 223 427 255; baseline 0.003 -1"><span class='ocrx_word' id='word_1_13' title='bbox 93 223 169 254; x_wconf 85' lang='lat' dir='ltr'>cida.</span> <span class='ocrx_word' id='word_1_14' title='bbox 192 224 312 255; x_wconf 86' lang='lat' dir='ltr'>Cleobis</span> <span class='ocrx_word' id='word_1_15' title='bbox 326 225 427 255; x_wconf 81' lang='lat' dir='ltr'><strong>frater.</strong></span> 
     </span>
    </p>

    <p class='ocr_par' dir='ltr' id='par_1_3' title="bbox 136 268 767 306">
     <span class='ocr_line' id='line_1_4' title="bbox 136 268 767 306; baseline 0.003 -9"><span class='ocrx_word' id='word_1_16' title='bbox 136 268 316 298; x_wconf 71' lang='lat' dir='ltr'>Blanclerzius</span> <span class='ocrx_word' id='word_1_17' title='bbox 333 269 500 306; x_wconf 71' lang='lat' dir='ltr'>Ze111is,ad</span> <span class='ocrx_word' id='word_1_18' title='bbox 516 268 556 306; x_wconf 85' lang='lat' dir='ltr'><strong>Q.</strong></span> <span class='ocrx_word' id='word_1_19' title='bbox 576 269 627 298; x_wconf 86' lang='lat' dir='ltr'><strong>Fr.</strong></span> <span class='ocrx_word' id='word_1_20' title='bbox 647 268 674 304; x_wconf 85' lang='grc' dir='ltr'>Ι,</span> <span class='ocrx_word' id='word_1_21' title='bbox 692 270 722 299; x_wconf 80' lang='lat'><strong>2.</strong></span> <span class='ocrx_word' id='word_1_22' title='bbox 738 271 767 299; x_wconf 77' lang='lat'><strong>2.</strong></span> 
     </span>
    </p>

    <p class='ocr_par' dir='ltr' id='par_1_4' title="bbox 91 309 982 392">
     <span class='ocr_line' id='line_1_5' title="bbox 136 309 982 349; baseline 0.004 -11"><span class='ocrx_word' id='word_1_23' title='bbox 136 309 308 348; x_wconf 72' lang='lat' dir='ltr'><em>Blesamius,</em></span> <span class='ocrx_word' id='word_1_24' title='bbox 325 311 426 341; x_wconf 74' lang='lat' dir='ltr'>Deiot.</span> <span class='ocrx_word' id='word_1_25' title='bbox 446 313 494 342; x_wconf 77' lang='lat'><strong>12.</strong></span> <span class='ocrx_word' id='word_1_26' title='bbox 519 312 763 349; x_wconf 70' lang='lat' dir='ltr'>Gallo-Graecus,</span> <span class='ocrx_word' id='word_1_27' title='bbox 787 311 924 343; x_wconf 78' lang='lat' dir='ltr'>Deiotari</span> <span class='ocrx_word' id='word_1_28' title='bbox 939 312 982 342; x_wconf 82' lang='lat' dir='ltr'>Ie-</span> 
     </span>
     <span class='ocr_line' id='line_1_6' title="bbox 91 358 188 392; baseline 0 -10"><span class='ocrx_word' id='word_1_29' title='bbox 91 358 188 392; x_wconf 85' lang='lat' dir='ltr'>gatus.</span> 
     </span>
    </p>

    <p class='ocr_par' dir='ltr' id='par_1_5' title="bbox 96 396 980 468">
     <span class='ocr_line' id='line_1_7' title="bbox 135 396 980 439; baseline 0.004 -15"><span class='ocrx_word' id='word_1_30' title='bbox 135 396 248 433; x_wconf 73' lang='grc' dir='ltr'>Βίωεὶἱ,</span> <span class='ocrx_word' id='word_1_31' title='bbox 274 397 353 437; x_wconf 83' lang='lat' dir='ltr'><strong>Agr.</strong></span> <span class='ocrx_word' id='word_1_32' title='bbox 370 397 418 436; x_wconf 90' lang='grc' dir='ltr'>ΙΙ,</span> <span class='ocrx_word' id='word_1_33' title='bbox 434 399 486 427; x_wconf 72' lang='lat'><strong>34.</strong></span> <span class='ocrx_word' id='word_1_34' title='bbox 510 397 625 428; x_wconf 81' lang='lat' dir='ltr'>nobiles</span> <span class='ocrx_word' id='word_1_35' title='bbox 642 397 795 439; x_wconf 81' lang='lat' dir='ltr'>Campani</span> <span class='ocrx_word' id='word_1_36' title='bbox 809 399 891 429; x_wconf 86' lang='lat' dir='ltr'><strong>bello</strong></span> <span class='ocrx_word' id='word_1_37' title='bbox 915 398 980 427; x_wconf 88' lang='lat' dir='ltr'>Pu-</span> 
     </span>
     <span class='ocr_line' id='line_1_8' title="bbox 96 438 223 468; baseline 0 0"><span class='ocrx_word' id='word_1_38' title='bbox 96 438 163 468; x_wconf 84' lang='lat' dir='ltr'>nico</span> <span class='ocrx_word' id='word_1_39' title='bbox 176 439 223 468; x_wconf 91' lang='grc' dir='ltr'>ΙΙ.</span> 
     </span>
    </p>

    <p class='ocr_par' dir='ltr' id='par_1_6' title="bbox 92 480 985 728">
     <span class='ocr_line' id='line_1_9' title="bbox 138 480 981 519; baseline 0.004 -9"><span class='ocrx_word' id='word_1_40' title='bbox 138 480 172 512; x_wconf 89' lang='lat' dir='ltr'><strong>C.</strong></span> <span class='ocrx_word' id='word_1_41' title='bbox 188 483 327 516; x_wconf 74' lang='lat' dir='ltr'>Blossius..</span> <span class='ocrx_word' id='word_1_42' title='bbox 353 481 524 519; x_wconf 74' lang='lat' dir='ltr'>Cumanus,</span> <span class='ocrx_word' id='word_1_43' title='bbox 555 483 592 513; x_wconf 85' lang='lat' dir='ltr'>de</span> <span class='ocrx_word' id='word_1_44' title='bbox 622 483 725 514; x_wconf 83' lang='lat' dir='ltr'><strong>Amic.</strong></span> <span class='ocrx_word' id='word_1_45' title='bbox 756 484 805 514; x_wconf 92' lang='grc'>11.</span> <span class='ocrx_word' id='word_1_46' title='bbox 841 483 981 513; x_wconf 82' lang='lat' dir='ltr'>Philoso-</span> 
     </span>
     <span class='ocr_line' id='line_1_10' title="bbox 94 524 984 566; baseline 0.001 -12"><span class='ocrx_word' id='word_1_47' title='bbox 94 524 173 565; x_wconf 88' lang='lat' dir='ltr'>phus</span> <span class='ocrx_word' id='word_1_48' title='bbox 195 526 325 561; x_wconf 70' lang='lat' dir='ltr'>Stoicus,</span> <span class='ocrx_word' id='word_1_49' title='bbox 338 525 495 566; x_wconf 82' lang='lat' dir='ltr'>Antipatri</span> <span class='ocrx_word' id='word_1_50' title='bbox 511 526 669 556; x_wconf 80' lang='lat' dir='ltr'>Tarsensis</span> <span class='ocrx_word' id='word_1_51' title='bbox 680 528 789 556; x_wconf 73' lang='lat' dir='ltr'>Romae</span> <span class='ocrx_word' id='word_1_52' title='bbox 799 527 929 561; x_wconf 74' lang='lat' dir='ltr'>auditor,</span> <span class='ocrx_word' id='word_1_53' title='bbox 946 526 984 555; x_wconf 86' lang='lat' dir='ltr'>de</span> 
     </span>
     <span class='ocr_line' id='line_1_11' title="bbox 94 567 984 610; baseline 0.003 -14"><span class='ocrx_word' id='word_1_54' title='bbox 94 577 155 607; x_wconf 89' lang='lat' dir='ltr'>quo</span> <span class='ocrx_word' id='word_1_55' title='bbox 179 567 239 597; x_wconf 88' lang='lat' dir='ltr'><strong>vid.</strong></span> <span class='ocrx_word' id='word_1_56' title='bbox 268 568 423 599; x_wconf 81' lang='lat' dir='ltr'>Plutarch.</span> <span class='ocrx_word' id='word_1_57' title='bbox 441 569 473 598; x_wconf 90' lang='lat' dir='ltr'>in</span> <span class='ocrx_word' id='word_1_58' title='bbox 499 569 655 605; x_wconf 65' lang='lat' dir='ltr'>Gracchis,</span> <span class='ocrx_word' id='word_1_59' title='bbox 672 580 703 610; x_wconf 91' lang='lat' dir='ltr'>p.</span> <span class='ocrx_word' id='word_1_60' title='bbox 718 571 790 604; x_wconf 79' lang='lat'><strong>827.</strong></span> <span class='ocrx_word' id='word_1_61' title='bbox 807 570 853 599; x_wconf 87' lang='lat' dir='ltr'><strong>ed.</strong></span> <span class='ocrx_word' id='word_1_62' title='bbox 871 569 984 599; x_wconf 53' lang='lat' dir='ltr'><strong>IVech.</strong></span> 
     </span>
     <span class='ocr_line' id='line_1_12' title="bbox 93 610 985 653; baseline 0.001 -14"><span class='ocrx_word' id='word_1_63' title='bbox 93 610 147 639; x_wconf 89' lang='lat' dir='ltr'>ubi</span> <span class='ocrx_word' id='word_1_64' title='bbox 162 610 271 640; x_wconf 87' lang='lat' dir='ltr'>dicitur</span> <span class='ocrx_word' id='word_1_65' title='bbox 295 611 434 642; x_wconf 51' lang='lat' dir='ltr'>incitasse</span> <span class='ocrx_word' id='word_1_66' title='bbox 450 612 500 642; x_wconf 90' lang='lat' dir='ltr'>Ti.</span> <span class='ocrx_word' id='word_1_67' title='bbox 519 612 693 642; x_wconf 85' lang='lat' dir='ltr'>Gracchum</span> <span class='ocrx_word' id='word_1_68' title='bbox 710 613 748 642; x_wconf 86' lang='lat' dir='ltr'>ad</span> <span class='ocrx_word' id='word_1_69' title='bbox 765 613 866 653; x_wconf 84' lang='lat' dir='ltr'><strong>legem</strong></span> <span class='ocrx_word' id='word_1_70' title='bbox 883 611 985 652; x_wconf 79' lang='lat' dir='ltr'>Agra-</span> 
     </span>
     <span class='ocr_line' id='line_1_13' title="bbox 92 652 981 695; baseline 0.002 -14"><span class='ocrx_word' id='word_1_71' title='bbox 92 652 169 682; x_wconf 86' lang='lat' dir='ltr'>riam</span> <span class='ocrx_word' id='word_1_72' title='bbox 184 653 338 683; x_wconf 81' lang='lat' dir='ltr'>ferendam</span> <span class='ocrx_word' id='word_1_73' title='bbox 352 665 362 690; x_wconf 86' lang='lat'>;</span> <span class='ocrx_word' id='word_1_74' title='bbox 385 654 423 684; x_wconf 86' lang='lat' dir='ltr'>de</span> <span class='ocrx_word' id='word_1_75' title='bbox 438 656 500 695; x_wconf 56' lang='lat' dir='ltr'>quiz</span> <span class='ocrx_word' id='word_1_76' title='bbox 515 665 546 685; x_wconf 89' lang='lat' dir='ltr'>re</span> <span class='ocrx_word' id='word_1_77' title='bbox 561 660 629 695; x_wconf 82' lang='lat' dir='ltr'>post</span> <span class='ocrx_word' id='word_1_78' title='bbox 644 662 812 693; x_wconf 73' lang='lat' dir='ltr'>accusatus,</span> <span class='ocrx_word' id='word_1_79' title='bbox 829 666 860 686; x_wconf 82' lang='lat' dir='ltr'>se</span> <span class='ocrx_word' id='word_1_80' title='bbox 875 654 981 685; x_wconf 45' lang='lat' dir='ltr'>amici*</span> 
     </span>
     <span class='ocr_line' id='line_1_14' title="bbox 94 695 801 728; baseline 0.006 -4"><span class='ocrx_word' id='word_1_81' title='bbox 94 695 137 725; x_wconf 60' lang='lat' dir='ltr'><strong>tif.</strong></span> <span class='ocrx_word' id='word_1_82' title='bbox 149 696 271 726; x_wconf 58' lang='lat' dir='ltr'>summa</span> <span class='ocrx_word' id='word_1_83' title='bbox 283 696 334 726; x_wconf 85' lang='lat' dir='ltr'>Ti.</span> <span class='ocrx_word' id='word_1_84' title='bbox 350 697 480 727; x_wconf 83' lang='lat' dir='ltr'><strong>Gracchi</strong></span> <span class='ocrx_word' id='word_1_85' title='bbox 492 697 636 728; x_wconf 81' lang='lat' dir='ltr'><strong>defendit.</strong></span> <span class='ocrx_word' id='word_1_86' title='bbox 661 697 724 728; x_wconf 93' lang='lat' dir='ltr'><strong>Cic.</strong></span> <span class='ocrx_word' id='word_1_87' title='bbox 742 698 762 727; x_wconf 94' lang='lat' dir='ltr'><strong>l.</strong></span> <span class='ocrx_word' id='word_1_88' title='bbox 776 709 801 728; x_wconf 91' lang='lat' dir='ltr'><strong>c.</strong></span> 
     </span>
    </p>

    <p class='ocr_par' dir='ltr' id='par_1_7' title="bbox 93 739 986 909">
     <span class='ocr_line' id='line_1_15' title="bbox 136 739 985 778; baseline 0.004 -10"><span class='ocrx_word' id='word_1_89' title='bbox 136 739 278 776; x_wconf 66' lang='lat' dir='ltr'>Bn&#39;e‘thus,</span> <span class='ocrx_word' id='word_1_90' title='bbox 290 739 376 769; x_wconf 84' lang='lat' dir='ltr'><strong>Verr.</strong></span> <span class='ocrx_word' id='word_1_91' title='bbox 390 740 432 778; x_wconf 79' lang='lat' dir='ltr'>V,</span> <span class='ocrx_word' id='word_1_92' title='bbox 452 742 497 770; x_wconf 77' lang='lat'><strong>14.</strong></span> <span class='ocrx_word' id='word_1_93' title='bbox 511 741 629 771; x_wconf 81' lang='lat' dir='ltr'>caelator</span> <span class='ocrx_word' id='word_1_94' title='bbox 645 747 673 770; x_wconf 88' lang='lat' dir='ltr'>et</span> <span class='ocrx_word' id='word_1_95' title='bbox 688 741 861 778; x_wconf 65' lang='lat' dir='ltr'>statuarius,</span> <span class='ocrx_word' id='word_1_96' title='bbox 878 740 985 771; x_wconf 82' lang='lat' dir='ltr'>lauda-</span> 
     </span>
     <span class='ocr_line' id='line_1_16' title="bbox 93 781 986 824; baseline 0.003 -14"><span class='ocrx_word' id='word_1_97' title='bbox 93 786 142 810; x_wconf 86' lang='lat' dir='ltr'>tus</span> <span class='ocrx_word' id='word_1_98' title='bbox 159 781 271 819; x_wconf 75' lang='lat' dir='ltr'>Phuio,</span> <span class='ocrx_word' id='word_1_99' title='bbox 296 782 466 819; x_wconf 76' lang='lat' dir='ltr'>XXXIII,</span> <span class='ocrx_word' id='word_1_100' title='bbox 483 786 534 812; x_wconf 76' lang='lat'><strong>55.</strong></span> <span class='ocrx_word' id='word_1_101' title='bbox 559 783 722 818; x_wconf 85' lang='lat' dir='ltr'>XXXIV,</span> <span class='ocrx_word' id='word_1_102' title='bbox 740 785 768 813; x_wconf 80' lang='lat'><strong>8.</strong></span> <span class='ocrx_word' id='word_1_103' title='bbox 787 784 840 814; x_wconf 90' lang='lat' dir='ltr'>ubi</span> <span class='ocrx_word' id='word_1_104' title='bbox 861 790 986 824; x_wconf 78' lang='lat' dir='ltr'>argento</span> 
     </span>
     <span class='ocr_line' id='line_1_17' title="bbox 94 823 986 866; baseline 0.004 -14"><span class='ocrx_word' id='word_1_105' title='bbox 94 823 254 854; x_wconf 76' lang='lat' dir='ltr'>meliorem</span> <span class='ocrx_word' id='word_1_106' title='bbox 270 824 373 861; x_wconf 70' lang='lat' dir='ltr'>fuisse,</span> <span class='ocrx_word' id='word_1_107' title='bbox 391 836 483 866; x_wconf 83' lang='lat' dir='ltr'>quam</span> <span class='ocrx_word' id='word_1_108' title='bbox 500 832 605 856; x_wconf 71' lang='lat' dir='ltr'>caetero</span> <span class='ocrx_word' id='word_1_109' title='bbox 621 836 729 866; x_wconf 84' lang='lat' dir='ltr'><strong>genere</strong></span> <span class='ocrx_word' id='word_1_110' title='bbox 745 827 888 863; x_wconf 59' lang='lat' dir='ltr'>materiae,</span> <span class='ocrx_word' id='word_1_111' title='bbox 905 826 986 856; x_wconf 79' lang='lat' dir='ltr'>dicit.</span> 
     </span>
     <span class='ocr_line' id='line_1_18' title="bbox 94 865 947 909; baseline 0.002 -13"><span class='ocrx_word' id='word_1_112' title='bbox 94 865 351 906; x_wconf 80' lang='lat' dir='ltr'>Carthaginiensis</span> <span class='ocrx_word' id='word_1_113' title='bbox 363 869 432 905; x_wconf 81' lang='lat' dir='ltr'>fuit,</span> <span class='ocrx_word' id='word_1_114' title='bbox 446 875 519 899; x_wconf 88' lang='lat' dir='ltr'><strong>teste</strong></span> <span class='ocrx_word' id='word_1_115' title='bbox 536 869 667 898; x_wconf 67' lang='lat' dir='ltr'>Pausan.</span> <span class='ocrx_word' id='word_1_116' title='bbox 682 870 736 899; x_wconf 88' lang='lat' dir='ltr'>lib.</span> <span class='ocrx_word' id='word_1_117' title='bbox 755 870 795 905; x_wconf 71' lang='lat' dir='ltr'><strong>V.</strong></span> <span class='ocrx_word' id='word_1_118' title='bbox 813 880 878 909; x_wconf 77' lang='lat' dir='ltr'><strong>cap.</strong></span> <span class='ocrx_word' id='word_1_119' title='bbox 900 870 947 904; x_wconf 77' lang='grc'>17.</span> 
     </span>
    </p>

    <p class='ocr_par' dir='ltr' id='par_1_8' title="bbox 91 910 994 1209">
     <span class='ocr_line' id='line_1_19' title="bbox 135 910 982 952; baseline 0.004 -14"><span class='ocrx_word' id='word_1_120' title='bbox 135 910 272 946; x_wconf 56' lang='lat' dir='ltr'>mennas,</span> <span class='ocrx_word' id='word_1_121' title='bbox 291 910 328 940; x_wconf 82' lang='lat' dir='ltr'>de</span> <span class='ocrx_word' id='word_1_122' title='bbox 350 911 420 942; x_wconf 87' lang='lat' dir='ltr'>Div.</span> <span class='ocrx_word' id='word_1_123' title='bbox 438 911 465 945; x_wconf 75' lang='grc' dir='ltr'>Ι,</span> <span class='ocrx_word' id='word_1_124' title='bbox 488 914 518 941; x_wconf 72' lang='grc' dir='ltr'><strong>ὃ.</strong></span> <span class='ocrx_word' id='word_1_125' title='bbox 544 911 590 949; x_wconf 84' lang='lat'>11,</span> <span class='ocrx_word' id='word_1_126' title='bbox 608 914 658 942; x_wconf 76' lang='lat'>20.</span> <span class='ocrx_word' id='word_1_127' title='bbox 676 913 796 942; x_wconf 69' lang='lat' dir='ltr'>stoicus</span> <span class='ocrx_word' id='word_1_128' title='bbox 811 912 982 952; x_wconf 81' lang='lat' dir='ltr'>prognosti-</span> 
     </span>
     <span class='ocr_line' id='line_1_20' title="bbox 91 954 979 991; baseline 0.001 -8"><span class='ocrx_word' id='word_1_129' title='bbox 91 962 197 983; x_wconf 82' lang='lat' dir='ltr'><strong>corum</strong></span> <span class='ocrx_word' id='word_1_130' title='bbox 212 963 314 983; x_wconf 82' lang='lat' dir='ltr'>causas</span> <span class='ocrx_word' id='word_1_131' title='bbox 330 954 435 985; x_wconf 82' lang='lat' dir='ltr'><strong>elicere</strong></span> <span class='ocrx_word' id='word_1_132' title='bbox 451 961 574 984; x_wconf 84' lang='lat' dir='ltr'>conatus</span> <span class='ocrx_word' id='word_1_133' title='bbox 585 961 637 984; x_wconf 78' lang='lat' dir='ltr'><strong>est.</strong></span> <span class='ocrx_word' id='word_1_134' title='bbox 661 955 721 985; x_wconf 80' lang='lat' dir='ltr'>Sed</span> <span class='ocrx_word' id='word_1_135' title='bbox 736 955 832 985; x_wconf 84' lang='lat' dir='ltr'>effecit</span> <span class='ocrx_word' id='word_1_136' title='bbox 847 960 979 991; x_wconf 80' lang='lat' dir='ltr'>tantum,</span> 
     </span>
     <span class='ocr_line' id='line_1_21' title="bbox 93 997 984 1039; baseline 0.002 -14"><span class='ocrx_word' id='word_1_137' title='bbox 93 1001 128 1025; x_wconf 89' lang='lat' dir='ltr'>ut</span> <span class='ocrx_word' id='word_1_138' title='bbox 142 1005 246 1025; x_wconf 86' lang='lat' dir='ltr'><strong>earum</strong></span> <span class='ocrx_word' id='word_1_139' title='bbox 261 1006 362 1026; x_wconf 84' lang='lat' dir='ltr'><strong>rerum</strong></span> <span class='ocrx_word' id='word_1_140' title='bbox 381 998 510 1028; x_wconf 84' lang='lat' dir='ltr'>rationes</span> <span class='ocrx_word' id='word_1_141' title='bbox 532 1004 680 1037; x_wconf 66' lang='lat' dir='ltr'><strong>paterent.</strong></span> <span class='ocrx_word' id='word_1_142' title='bbox 703 1009 772 1039; x_wconf 84' lang='lat' dir='ltr'>quae</span> <span class='ocrx_word' id='word_1_143' title='bbox 787 998 818 1027; x_wconf 90' lang='lat' dir='ltr'>in</span> <span class='ocrx_word' id='word_1_144' title='bbox 834 997 912 1027; x_wconf 79' lang='lat' dir='ltr'>mari</span> <span class='ocrx_word' id='word_1_145' title='bbox 928 1008 984 1027; x_wconf 75' lang='grc' dir='ltr'>εω-</span> 
     </span>
     <span class='ocr_line' id='line_1_22' title="bbox 94 1038 990 1079; baseline 0.002 -11"><span class='ocrx_word' id='word_1_146' title='bbox 94 1038 160 1068; x_wconf 86' lang='lat' dir='ltr'>love</span> <span class='ocrx_word' id='word_1_147' title='bbox 180 1038 294 1068; x_wconf 85' lang='lat' dir='ltr'><strong>fierent.</strong></span> <span class='ocrx_word' id='word_1_148' title='bbox 331 1039 381 1070; x_wconf 89' lang='lat' dir='ltr'>De</span> <span class='ocrx_word' id='word_1_149' title='bbox 397 1051 442 1077; x_wconf 77' lang='lat' dir='ltr'>eo,</span> <span class='ocrx_word' id='word_1_150' title='bbox 460 1047 489 1070; x_wconf 88' lang='lat' dir='ltr'>et</span> <span class='ocrx_word' id='word_1_151' title='bbox 505 1041 572 1070; x_wconf 83' lang='lat' dir='ltr'>aliis</span> <span class='ocrx_word' id='word_1_152' title='bbox 594 1041 687 1079; x_wconf 85' lang='lat' dir='ltr'>hujus</span> <span class='ocrx_word' id='word_1_153' title='bbox 711 1040 855 1076; x_wconf 78' lang='lat' dir='ltr'>nominis,</span> <span class='ocrx_word' id='word_1_154' title='bbox 873 1051 903 1070; x_wconf 87' lang='lat' dir='ltr'><strong>v.</strong></span> <span class='ocrx_word' id='word_1_155' title='bbox 918 1040 990 1070; x_wconf 85' lang='lat' dir='ltr'>Me-</span> 
     </span>
     <span class='ocr_line' id='line_1_23' title="bbox 95 1081 990 1121; baseline 0.002 -11"><span class='ocrx_word' id='word_1_156' title='bbox 95 1090 165 1121; x_wconf 82' lang='lat' dir='ltr'>nag.</span> <span class='ocrx_word' id='word_1_157' title='bbox 181 1081 218 1110; x_wconf 84' lang='lat' dir='ltr'>ad</span> <span class='ocrx_word' id='word_1_158' title='bbox 242 1082 345 1112; x_wconf 68' lang='lat' dir='ltr'><strong>Laert.</strong></span> <span class='ocrx_word' id='word_1_159' title='bbox 365 1083 446 1119; x_wconf 80' lang='lat' dir='ltr'>VH,</span> <span class='ocrx_word' id='word_1_160' title='bbox 475 1084 547 1113; x_wconf 74' lang='lat'><strong>143.</strong></span> <span class='ocrx_word' id='word_1_161' title='bbox 571 1083 706 1120; x_wconf 60' lang='lat' dir='ltr'>Laertio,</span> <span class='ocrx_word' id='word_1_162' title='bbox 727 1084 747 1113; x_wconf 91' lang='lat' dir='ltr'><strong>l.</strong></span> <span class='ocrx_word' id='word_1_163' title='bbox 771 1094 796 1113; x_wconf 91' lang='lat' dir='ltr'><strong>c.</strong></span> <span class='ocrx_word' id='word_1_164' title='bbox 824 1085 893 1113; x_wconf 72' lang='lat'><strong>148.</strong></span> <span class='ocrx_word' id='word_1_165' title='bbox 918 1084 990 1113; x_wconf 70' lang='lat'><strong>149.</strong></span> 
     </span>
     <span class='ocr_line' id='line_1_24' title="bbox 100 1126 994 1167; baseline 0.003 -15"><span class='ocrx_word' id='word_1_166' title='bbox 100 1130 310 1154; x_wconf 81' lang='lat' dir='ltr'>memorantur</span> <span class='ocrx_word' id='word_1_167' title='bbox 331 1126 401 1156; x_wconf 89' lang='lat' dir='ltr'>libri</span> <span class='ocrx_word' id='word_1_168' title='bbox 424 1126 461 1156; x_wconf 82' lang='lat' dir='ltr'>de</span> <span class='ocrx_word' id='word_1_169' title='bbox 477 1127 598 1156; x_wconf 58' lang='lat' dir='ltr'>Naturft</span> <span class='ocrx_word' id='word_1_170' title='bbox 615 1133 644 1156; x_wconf 87' lang='lat' dir='ltr'>et</span> <span class='ocrx_word' id='word_1_171' title='bbox 661 1127 699 1157; x_wconf 84' lang='lat' dir='ltr'>de</span> <span class='ocrx_word' id='word_1_172' title='bbox 715 1127 803 1163; x_wconf 78' lang='lat' dir='ltr'>Fato,</span> <span class='ocrx_word' id='word_1_173' title='bbox 828 1126 859 1155; x_wconf 89' lang='lat' dir='ltr'>in</span> <span class='ocrx_word' id='word_1_174' title='bbox 882 1126 994 1167; x_wconf 88' lang='lat' dir='ltr'>quibus</span> 
     </span>
     <span class='ocr_line' id='line_1_25' title="bbox 101 1166 619 1209; baseline 0.004 -13"><span class='ocrx_word' id='word_1_175' title='bbox 101 1166 177 1197; x_wconf 83' lang='lat' dir='ltr'>forte</span> <span class='ocrx_word' id='word_1_176' title='bbox 191 1166 275 1197; x_wconf 77' lang='lat' dir='ltr'>libris</span> <span class='ocrx_word' id='word_1_177' title='bbox 290 1168 327 1198; x_wconf 86' lang='lat' dir='ltr'>de</span> <span class='ocrx_word' id='word_1_178' title='bbox 338 1169 535 1209; x_wconf 84' lang='lat' dir='ltr'>prognosticis</span> <span class='ocrx_word' id='word_1_179' title='bbox 551 1169 619 1209; x_wconf 82' lang='lat' dir='ltr'>egit.</span> 
     </span>
    </p>

    <p class='ocr_par' dir='ltr' id='par_1_9' title="bbox 96 1210 991 1381">
     <span class='ocr_line' id='line_1_26' title="bbox 142 1210 991 1251; baseline 0.004 -13"><span class='ocrx_word' id='word_1_180' title='bbox 142 1210 287 1250; x_wconf 61' lang='grc' dir='ltr'>Βυςιιτίες,</span> <span class='ocrx_word' id='word_1_181' title='bbox 304 1211 343 1240; x_wconf 86' lang='lat' dir='ltr'>ad</span> <span class='ocrx_word' id='word_1_182' title='bbox 359 1211 432 1242; x_wconf 88' lang='lat' dir='ltr'><strong>D1v.</strong></span> <span class='ocrx_word' id='word_1_183' title='bbox 458 1212 501 1248; x_wconf 80' lang='lat' dir='ltr'>X,</span> <span class='ocrx_word' id='word_1_184' title='bbox 525 1214 576 1242; x_wconf 75' lang='lat'><strong>32.</strong></span> <span class='ocrx_word' id='word_1_185' title='bbox 598 1223 651 1242; x_wconf 83' lang='lat' dir='ltr'>rex</span> <span class='ocrx_word' id='word_1_186' title='bbox 669 1212 865 1242; x_wconf 68' lang='lat' dir='ltr'>Mauritaniae</span> <span class='ocrx_word' id='word_1_187' title='bbox 880 1211 991 1251; x_wconf 83' lang='lat' dir='ltr'>Tingi-</span> 
     </span>
     <span class='ocr_line' id='line_1_27' title="bbox 96 1254 989 1295; baseline 0.001 -13"><span class='ocrx_word' id='word_1_188' title='bbox 96 1257 195 1282; x_wconf 82' lang='lat' dir='ltr'>tanae:</span> <span class='ocrx_word' id='word_1_189' title='bbox 220 1254 307 1291; x_wconf 88' lang='lat' dir='ltr'>cujus</span> <span class='ocrx_word' id='word_1_190' title='bbox 333 1255 447 1285; x_wconf 85' lang='lat' dir='ltr'>mentio</span> <span class='ocrx_word' id='word_1_191' title='bbox 473 1266 551 1295; x_wconf 85' lang='lat' dir='ltr'>saepe</span> <span class='ocrx_word' id='word_1_192' title='bbox 574 1266 622 1295; x_wconf 83' lang='lat' dir='ltr'><strong>ap.</strong></span> <span class='ocrx_word' id='word_1_193' title='bbox 651 1255 734 1285; x_wconf 89' lang='lat' dir='ltr'>Hirt.</span> <span class='ocrx_word' id='word_1_194' title='bbox 758 1255 836 1285; x_wconf 87' lang='lat' dir='ltr'><strong>Bell.</strong></span> <span class='ocrx_word' id='word_1_195' title='bbox 853 1254 922 1284; x_wconf 79' lang='lat' dir='ltr'><strong>Afr.</strong></span> <span class='ocrx_word' id='word_1_196' title='bbox 937 1258 989 1284; x_wconf 74' lang='lat'><strong>23.</strong></span> 
     </span>
     <span class='ocr_line' id='line_1_28' title="bbox 98 1297 991 1339; baseline 0.002 -15"><span class='ocrx_word' id='word_1_197' title='bbox 98 1297 148 1325; x_wconf 83' lang='lat'><strong>25.</strong></span> <span class='ocrx_word' id='word_1_198' title='bbox 173 1298 224 1326; x_wconf 87' lang='lat'><strong>59.</strong></span> <span class='ocrx_word' id='word_1_199' title='bbox 250 1299 300 1326; x_wconf 86' lang='grc'><strong>60.</strong></span> <span class='ocrx_word' id='word_1_200' title='bbox 317 1307 335 1326; x_wconf 85' lang='lat' dir='ltr'><strong>a</strong></span> <span class='ocrx_word' id='word_1_201' title='bbox 350 1308 411 1337; x_wconf 86' lang='lat' dir='ltr'>quo</span> <span class='ocrx_word' id='word_1_202' title='bbox 435 1307 563 1339; x_wconf 85' lang='lat' dir='ltr'>regnum</span> <span class='ocrx_word' id='word_1_203' title='bbox 591 1298 728 1338; x_wconf 81' lang='lat' dir='ltr'>Bogudis</span> <span class='ocrx_word' id='word_1_204' title='bbox 749 1304 778 1328; x_wconf 89' lang='lat' dir='ltr'>et</span> <span class='ocrx_word' id='word_1_205' title='bbox 801 1297 991 1327; x_wconf 69' lang='lat' dir='ltr'>Mauritania</span> 
     </span>
     <span class='ocr_line' id='line_1_29' title="bbox 103 1338 664 1381; baseline 0.004 -13"><span class='ocrx_word' id='word_1_206' title='bbox 103 1338 296 1378; x_wconf 76' lang='lat' dir='ltr'>Bogudiana‚</span> <span class='ocrx_word' id='word_1_207' title='bbox 314 1350 383 1379; x_wconf 85' lang='lat' dir='ltr'>quae</span> <span class='ocrx_word' id='word_1_208' title='bbox 398 1341 471 1371; x_wconf 84' lang='lat' dir='ltr'>alias</span> <span class='ocrx_word' id='word_1_209' title='bbox 487 1341 664 1381; x_wconf 78' lang='lat' dir='ltr'>Tingitana.</span> 
     </span>
    </p>

    <p class='ocr_par' dir='ltr' id='par_1_10' title="bbox 97 1382 989 1455">
     <span class='ocr_line' id='line_1_30' title="bbox 143 1382 989 1421; baseline 0.005 -12"><span class='ocrx_word' id='word_1_210' title='bbox 143 1382 245 1420; x_wconf 70' lang='grc' dir='ltr'>Βυιιιε,</span> <span class='ocrx_word' id='word_1_211' title='bbox 273 1382 311 1412; x_wconf 84' lang='lat' dir='ltr'>ad</span> <span class='ocrx_word' id='word_1_212' title='bbox 341 1383 476 1414; x_wconf 74' lang='lat' dir='ltr'>Herenn.</span> <span class='ocrx_word' id='word_1_213' title='bbox 505 1384 566 1421; x_wconf 82' lang='lat' dir='ltr'>lv,</span> <span class='ocrx_word' id='word_1_214' title='bbox 592 1385 622 1413; x_wconf 84' lang='lat'><strong>3.</strong></span> <span class='ocrx_word' id='word_1_215' title='bbox 643 1393 754 1413; x_wconf 85' lang='lat' dir='ltr'>nomen</span> <span class='ocrx_word' id='word_1_216' title='bbox 784 1383 922 1413; x_wconf 85' lang='lat' dir='ltr'>cursoris.</span> <span class='ocrx_word' id='word_1_217' title='bbox 948 1383 989 1413; x_wconf 91' lang='lat' dir='ltr'><strong>V.</strong></span> 
     </span>
     <span class='ocr_line' id='line_1_31' title="bbox 97 1424 366 1455; baseline 0.007 -2"><span class='ocrx_word' id='word_1_218' title='bbox 97 1424 229 1454; x_wconf 89' lang='lat' dir='ltr'>Gronov.</span> <span class='ocrx_word' id='word_1_219' title='bbox 246 1424 285 1454; x_wconf 83' lang='lat' dir='ltr'>ad</span> <span class='ocrx_word' id='word_1_220' title='bbox 299 1425 330 1454; x_wconf 89' lang='lat' dir='ltr'><strong>h.</strong></span> <span class='ocrx_word' id='word_1_221' title='bbox 344 1426 366 1455; x_wconf 93' lang='lat'><strong>1.</strong></span> 
     </span>
    </p>

    <p class='ocr_par' dir='ltr' id='par_1_11' title="bbox 93 1467 985 1582">
     <span class='ocr_line' id='line_1_32' title="bbox 137 1467 981 1505; baseline 0.002 -9"><span class='ocrx_word' id='word_1_222' title='bbox 137 1467 185 1497; x_wconf 86' lang='lat' dir='ltr'><strong>M.</strong></span> <span class='ocrx_word' id='word_1_223' title='bbox 203 1468 343 1504; x_wconf 70' lang='lat' dir='ltr'>Bolanus,</span> <span class='ocrx_word' id='word_1_224' title='bbox 360 1469 398 1498; x_wconf 81' lang='lat' dir='ltr'>ad</span> <span class='ocrx_word' id='word_1_225' title='bbox 412 1469 481 1499; x_wconf 87' lang='lat' dir='ltr'><strong>Div.</strong></span> <span class='ocrx_word' id='word_1_226' title='bbox 500 1468 602 1505; x_wconf 83' lang='lat' dir='ltr'>XIII,</span> <span class='ocrx_word' id='word_1_227' title='bbox 620 1470 670 1504; x_wconf 78' lang='grc'>77.</span> <span class='ocrx_word' id='word_1_228' title='bbox 689 1469 804 1499; x_wconf 78' lang='lat' dir='ltr'>amicus</span> <span class='ocrx_word' id='word_1_229' title='bbox 820 1468 981 1499; x_wconf 85' lang='lat' dir='ltr'>Ciceronis.</span> 
     </span>
     <span class='ocr_line' id='line_1_33' title="bbox 93 1509 985 1553; baseline 0.002 -14"><span class='ocrx_word' id='word_1_230' title='bbox 93 1509 157 1540; x_wconf 88' lang='lat' dir='ltr'>Alii</span> <span class='ocrx_word' id='word_1_231' title='bbox 177 1510 313 1540; x_wconf 82' lang='lat' dir='ltr'>scribunt</span> <span class='ocrx_word' id='word_1_232' title='bbox 339 1513 507 1548; x_wconf 53' lang='lat' dir='ltr'>Bolanum,-</span> <span class='ocrx_word' id='word_1_233' title='bbox 532 1524 601 1553; x_wconf 79' lang='lat' dir='ltr'>quae</span> <span class='ocrx_word' id='word_1_234' title='bbox 627 1512 726 1542; x_wconf 82' lang='lat' dir='ltr'>forma</span> <span class='ocrx_word' id='word_1_235' title='bbox 751 1518 794 1542; x_wconf 85' lang='lat' dir='ltr'>est</span> <span class='ocrx_word' id='word_1_236' title='bbox 817 1512 909 1542; x_wconf 84' lang='lat' dir='ltr'>etiam</span> <span class='ocrx_word' id='word_1_237' title='bbox 935 1522 985 1553; x_wconf 82' lang='lat' dir='ltr'><strong>ap.</strong></span> 
     </span>
     <span class='ocr_line' id='line_1_34' title="bbox 96 1551 272 1582; baseline 0 0"><span class='ocrx_word' id='word_1_238' title='bbox 96 1551 272 1582; x_wconf 82' lang='lat' dir='ltr'>Horatium.</span> 
     </span>
    </p>

    <p class='ocr_par' dir='ltr' id='par_1_12' title="bbox 93 1596 986 1767">
     <span class='ocr_line' id='line_1_35' title="bbox 141 1596 979 1637; baseline 0.002 -12"><span class='ocrx_word' id='word_1_239' title='bbox 141 1596 219 1625; x_wconf 67' lang='lat' dir='ltr'>Bona</span> <span class='ocrx_word' id='word_1_240' title='bbox 240 1597 321 1633; x_wconf 72' lang='lat' dir='ltr'>Dea,</span> <span class='ocrx_word' id='word_1_241' title='bbox 348 1597 441 1627; x_wconf 71' lang='lat' dir='ltr'><strong>Dom.</strong></span> <span class='ocrx_word' id='word_1_242' title='bbox 466 1598 519 1634; x_wconf 79' lang='lat'>38,</span> <span class='ocrx_word' id='word_1_243' title='bbox 538 1599 593 1628; x_wconf 65' lang='grc' dir='ltr'><strong>ἃς.</strong></span> <span class='ocrx_word' id='word_1_244' title='bbox 627 1597 706 1637; x_wconf 86' lang='lat' dir='ltr'>Ejus</span> <span class='ocrx_word' id='word_1_245' title='bbox 721 1607 803 1627; x_wconf 82' lang='lat' dir='ltr'>sacra</span> <span class='ocrx_word' id='word_1_246' title='bbox 822 1597 927 1627; x_wconf 81' lang='lat' dir='ltr'>habita</span> <span class='ocrx_word' id='word_1_247' title='bbox 947 1597 979 1627; x_wconf 89' lang='lat' dir='ltr'>in</span> 
     </span>
     <span class='ocr_line' id='line_1_36' title="bbox 94 1638 982 1681; baseline 0.002 -14"><span class='ocrx_word' id='word_1_248' title='bbox 94 1638 208 1668; x_wconf 81' lang='lat' dir='ltr'>aedibus</span> <span class='ocrx_word' id='word_1_249' title='bbox 220 1640 325 1679; x_wconf 83' lang='lat' dir='ltr'>pontif.</span> <span class='ocrx_word' id='word_1_250' title='bbox 344 1640 393 1670; x_wconf 89' lang='lat' dir='ltr'><strong>M.</strong></span> <span class='ocrx_word' id='word_1_251' title='bbox 411 1651 429 1671; x_wconf 88' lang='lat' dir='ltr'>a</span> <span class='ocrx_word' id='word_1_252' title='bbox 444 1641 601 1679; x_wconf 80' lang='lat' dir='ltr'>matronis,</span> <span class='ocrx_word' id='word_1_253' title='bbox 618 1651 672 1681; x_wconf 79' lang='lat' dir='ltr'>pro</span> <span class='ocrx_word' id='word_1_254' title='bbox 689 1641 785 1671; x_wconf 72' lang='lat' dir='ltr'>salute</span> <span class='ocrx_word' id='word_1_255' title='bbox 800 1650 870 1681; x_wconf 91' lang='lat' dir='ltr'><strong>pop.</strong></span> <span class='ocrx_word' id='word_1_256' title='bbox 889 1642 982 1670; x_wconf 84' lang='lat' dir='ltr'><strong>Rom.</strong></span> 
     </span>
     <span class='ocr_line' id='line_1_37' title="bbox 94 1680 986 1724; baseline 0.003 -14"><span class='ocrx_word' id='word_1_257' title='bbox 94 1680 146 1711; x_wconf 87' lang='lat' dir='ltr'>De</span> <span class='ocrx_word' id='word_1_258' title='bbox 160 1682 256 1711; x_wconf 80' lang='lat' dir='ltr'>Bonae</span> <span class='ocrx_word' id='word_1_259' title='bbox 276 1682 353 1712; x_wconf 82' lang='lat' dir='ltr'>Deae</span> <span class='ocrx_word' id='word_1_260' title='bbox 367 1683 466 1719; x_wconf 79' lang='lat' dir='ltr'>sacris,</span> <span class='ocrx_word' id='word_1_261' title='bbox 485 1685 616 1724; x_wconf 76' lang='lat' dir='ltr'>templis,</span> <span class='ocrx_word' id='word_1_262' title='bbox 640 1685 696 1714; x_wconf 63' lang='grc' dir='ltr'><strong>δῖε.</strong></span> <span class='ocrx_word' id='word_1_263' title='bbox 726 1684 868 1724; x_wconf 82' lang='lat' dir='ltr'><strong>praeclare</strong></span> <span class='ocrx_word' id='word_1_264' title='bbox 884 1685 986 1714; x_wconf 86' lang='lat' dir='ltr'>obser-</span> 
     </span>
     <span class='ocr_line' id='line_1_38' title="bbox 93 1725 981 1767; baseline 0.003 -14"><span class='ocrx_word' id='word_1_265' title='bbox 93 1729 162 1753; x_wconf 74' lang='lat' dir='ltr'><strong>vata</strong></span> <span class='ocrx_word' id='word_1_266' title='bbox 176 1729 248 1755; x_wconf 80' lang='lat' dir='ltr'>sunt</span> <span class='ocrx_word' id='word_1_267' title='bbox 262 1735 310 1766; x_wconf 86' lang='lat' dir='ltr'><strong>ap.</strong></span> <span class='ocrx_word' id='word_1_268' title='bbox 326 1725 558 1757; x_wconf 57' lang='lat' dir='ltr'>Bsoukhusium</span> <span class='ocrx_word' id='word_1_269' title='bbox 574 1727 613 1757; x_wconf 73' lang='lat' dir='ltr'>ad</span> <span class='ocrx_word' id='word_1_270' title='bbox 630 1727 748 1757; x_wconf 79' lang='lat' dir='ltr'>Tibull.</span> <span class='ocrx_word' id='word_1_271' title='bbox 766 1737 796 1767; x_wconf 89' lang='lat' dir='ltr'><strong>p.</strong></span> <span class='ocrx_word' id='word_1_272' title='bbox 817 1728 888 1756; x_wconf 85' lang='lat'><strong>124.</strong></span> <span class='ocrx_word' id='word_1_273' title='bbox 910 1727 981 1757; x_wconf 83' lang='lat'><strong>125.</strong></span> 
     </span>
    </p>
   </div>
  </div>
 </body>
</html>
