1137 1848
272 101 422 134 INDEX
445 101 814 133 GEOGRAPHECUS.
927 103 988 132 113

141 189 296 223 Tibarani,
321 199 344 219 s.
374 188 523 222 Tibareni,
549 187 588 218 ad
613 187 687 219 Div,
714 187 793 223 XV,
820 188 852 225 4,
879 188 987 228 populi

95 231 396 263 Eleutherocilicibus
411 231 544 266 finitimi,
561 242 580 261 a
595 231 658 261 Cic.
675 230 755 260 victi.

139 275 242 311 Tibur,
258 275 405 315 oppidum
422 274 504 304 Latii
516 273 554 304 ad
566 273 720 304 Anienem
736 283 868 304 amnem.
894 273 985 304 Unde

97 318 217 355 Tiburs,
234 318 272 348 ad
285 319 352 348 Att.
367 316 465 353 VIII,
483 319 514 353 4,
531 328 603 357 ager
617 316 695 347 circa
711 316 820 346 Tibur.
848 317 984 346 Tiburti-

94 372 170 391 num
190 362 351 400 Scipionis,
368 361 450 390 Phil.
464 360 505 397 V,
523 361 554 397 7,
568 359 719 401 praedium
733 359 765 389 in
782 369 854 400 agro
870 359 985 389 Tibur-

95 410 167 434 tmO.

141 447 312 486 Te'gurinm
326 458 410 486 ager,
427 457 524 487 pagus
540 446 765 476 Helvetiorum.

140 491 267 520 Tirenus
287 502 377 530 pons,
405 490 443 520 ad
467 492 536 520 Att.
558 489 656 525 XVI,
676 490 726 519 13.
759 488 855 520 Codd.
874 488 906 518 in
928 488 985 518 hoc

93 534 217 563 nomine
232 534 357 563 variant.
382 533 441 563 Sed
452 533 515 563 haec
528 538 572 562 est
587 533 772 572 optimorum
786 532 884 562 lectio.
912 531 985 561 Fuit

94 575 274 613 Minturnis,
300 576 375 607 forte
395 577 427 606 in
442 575 534 606 fluvio
550 575 625 605 Liri.
659 575 743 605 Nam
767 575 792 604 is
808 574 986 604 Minturnas

92 619 322 659 praeterlabitur.

140 662 295 697 Tissensis,
311 662 343 691 in
360 661 448 692 Verr.
470 661 531 699 IV,
555 662 609 699 38,
627 672 644 692 a
664 660 765 697 Tissa,
782 660 894 702 oppido
910 660 985 690 Sici-

92 704 153 741 liae,
168 706 258 743 juxta
273 706 412 735 AEtnam.

138 747 290 785 Tmolites,
307 758 361 788 pro
377 749 475 778 Flacc.
489 749 521 785 3,
538 747 592 789 qui
602 748 720 778 habitat
735 748 766 777 in
784 747 903 784 Tmolo,
917 748 986 786 (pro

94 790 119 821 F
121 790 193 820 lace.
214 790 266 830 19)
284 796 387 821 monte
403 791 522 831 Lydiae,
540 791 682 821 odoribus
697 790 815 821 celebri.

144 834 266 871 Tolosa,
283 833 431 874 oppidum
449 833 559 863 Gauiae
580 833 796 863 Narbonensis.
819 832 912 862 Unde
930 832 988 861 To-

92 877 234 907 losanum
250 888 365 906 aurum
390 877 479 917 (Nat.
502 876 594 906 Deor.
612 875 677 912 III,
698 875 754 914 30)
772 881 827 911 est,
845 874 926 915 quod
943 874 984 912 Q.

93 919 238 951 Servilius
254 920 357 960 Caepio
370 929 385 949 e
397 920 512 960 templo
521 919 674 949 Tolosano
690 919 813 948 sustulit
824 929 832 953 3
850 918 887 947 de
897 917 986 948 Orat.

94 961 141 997 ΙΙ,
158 963 209 997 47.
242 963 292 993 E&
315 963 353 992 de
377 963 478 999 causit,
500 973 518 992 a
539 962 576 992 C.
600 963 747 992 Norbano
762 971 830 991 reus
845 960 943 990 factus
959 966 988 990 et

94 1005 312 1035 condemnatus
327 1005 446 1035 dicitur.

140 1047 267 1087 Ίᾎαῐίεε,
295 1049 368 1078 urbs
391 1047 500 1089 Lydiae
522 1047 643 1083 nobilis,
660 1047 699 1077 ad
715 1046 912 1077 Maeandrum
928 1045 988 1075 flu-

93 1091 190 1127 vium,
218 1103 255 1122 ex
282 1091 400 1131 vulgari
418 1091 571 1131 opinione,
593 1100 687 1131 quam
706 1089 832 1120 dubiam
856 1088 987 1119 reddidit

92 1143 192 1174 nuper
206 1135 391 1174 WVesseling.
409 1134 448 1164 ad
458 1134 644 1171 Hieroclem,
661 1144 692 1174 p.
709 1133 781 1164 659.
799 1132 876 1163 Inde
896 1132 986 1162 Tral-

93 1177 184 1206 liani.

140 1219 335 1253 'lb-asimenus
349 1221 448 1256 lacus,
470 1220 502 1249 in
521 1219 658 1255 Etruriir,
675 1218 760 1250 clade
776 1216 919 1249 Romanii
931 1228 986 1248 no-

94 1262 242 1299 bilitatus,
259 1262 296 1292 de
308 1263 413 1294 Divin.
434 1262 481 1299 II,
498 1264 528 1293 8.

140 1307 364 1344 Trebulanum,
389 1307 428 1337 ad
452 1308 521 1337 Att.
541 1305 584 1342 V,
609 1307 641 1341 2,
666 1305 815 1346 praedium
838 1303 941 1334 Pontii
955 1304 988 1334 in

93 1359 165 1389 agro
186 1349 385 1386 Trebulano;
410 1361 428 1380 a
447 1348 596 1385 Trebula,
612 1350 687 1378 urbe
703 1348 892 1388 Campaniae,
914 1347 988 1377 citra

94 1392 296 1422 Vulturnum.
322 1393 426 1423 Primo
436 1393 474 1423 de
488 1394 563 1423 urbe
577 1391 767 1432 Campaniae,
785 1400 846 1420 non
861 1390 898 1420 de
909 1390 988 1420 Tre-

93 1435 167 1466 bul&
182 1435 365 1466 Sabinorum
386 1435 567 1476 capiendum
583 1444 656 1470 esse,
673 1433 853 1473 intelligitur
869 1443 906 1464 ex
921 1433 987 1473 ipso

96 1478 250 1515 Cicerone,
278 1478 331 1519 qui
357 1478 440 1516 dicit,
466 1489 497 1509 se
522 1477 667 1518 cogitfisse
696 1487 730 1507 eo
756 1476 815 1513 die,
841 1486 902 1517 quo
930 1476 988 1506 ista

95 1521 257 1561 scripserit,
287 1522 408 1551 tantum
427 1531 465 1552 ex
495 1520 683 1561 Pompeiano
709 1519 748 1550 ad
774 1519 987 1549 Trebulanum

98 1564 222 1599 Pontii3
246 1564 370 1605 reliquis
392 1565 498 1595 diebus
525 1574 555 1594 se
573 1564 656 1602 justa
684 1562 792 1593 itinera
821 1561 985 1592 facturum.

96 1607 236 1648 Epistola
251 1617 379 1648 sequens
394 1614 437 1638 est
452 1618 468 1638 e
489 1606 676 1637 Trebulano.
699 1604 865 1643 Quomodo
882 1610 984 1635 autem

98 1657 162 1680 tam
177 1650 287 1690 exiguo
303 1657 438 1691 tempore
459 1650 605 1691 potuisset
620 1648 788 1679 Trebulam
803 1647 986 1679 Sabinorum

98 1693 223 1723 venire?
246 1693 391 1724 Alterum
404 1694 478 1724 citra
493 1692 686 1723 Vulturnum
700 1691 803 1729 fuisse,
817 1690 903 1722 docet
918 1690 988 1721 Liv-

99 1735 236 1773 XXIII,
253 1737 304 1766 39.

721 1787 738 1808 n
755 1779 775 1808 3
