1137 1848
335 55 484 87 INDEX
508 55 792 88 HISTORICUS.
943 58 1005 87 249

119 140 183 171 Off.
201 141 228 179 Ι,
248 143 297 172 13.
321 142 455 172 Romam
476 142 571 172 mittit
586 142 624 172 de
644 142 769 183 captivis
783 142 1002 183 permutandis.

121 182 147 214 Ι,
171 187 216 213 1‘2.
243 184 380 215 crudelis.
406 185 435 221 Ι,
457 188 508 215 30.
528 185 664 216 camdus.
688 186 744 216 Or.
770 184 816 221 II,
842 188 891 215 18.
916 186 1003 215 exsul

120 227 202 265 apud
217 227 418 265 Antiochum,
436 229 493 258 &c-

164 270 287 307 Hanno,
312 270 404 300 Tusc.
424 270 465 308 V,
484 274 536 300 32.
561 271 776 301 Anacharsidis
795 271 834 301 ad
854 281 924 301 eum
941 271 1004 311 epi-

123 312 208 342 stola.

167 354 369 393 Harmodius,
393 356 487 387 Tusc.
505 356 533 394 1,
555 360 606 387 49.
623 356 764 396 patriam,
792 357 941 394 Athenas,
958 362 1006 397 ty-

121 398 246 428 rannide
261 398 378 428 liberat.

164 441 341 480 Harpalus,
365 442 407 471 N.
425 442 468 472 D.
487 441 554 479 III,
576 442 627 471 34.
650 442 752 482 praedo
776 441 850 472 felix
872 448 1007 482 tempore

122 482 270 524 Diogenis
280 484 396 524 Cynici.
421 485 548 515 Dictum
564 484 710 524 Diogenis
721 485 758 514 de
768 495 811 514 eo.
827 486 891 525 Ap.
906 485 1007 514 La-'e'rn

122 524 184 563 VI,
198 528 251 563 74,
261 526 370 556 dicitur
384 533 547 562 Σκιρπαλος
560 538 569 563 3
587 527 668 567 apud
683 527 822 564 suidam,
840 533 1009 566 Σκιρταλος.

167 569 341 608 Harpalus,
364 570 402 599 ad
418 570 490 600 Div.
506 569 601 605 XVI,
618 571 669 599 24.
685 580 787 600 servus
803 569 964 600 Ciceronis.

166 612 357 647 Hasdrubal,
383 613 413 642 V
415 623 469 642 err.
498 611 558 649 IV,
587 615 637 642 54.
663 612 716 653 qui
746 623 815 642 cum
843 613 1007 642 Poenorum

124 655 255 684 exercitu
272 655 303 684 in
328 655 431 685 Sicilia
445 655 512 684 fuit.
537 655 594 684 Est
615 655 776 685 Hannonis
798 655 840 685 fil.
857 655 921 684 dux
936 655 1011 685 Car-

124 697 206 737 thag.
223 698 303 727 bello
320 698 400 727 Pun.
418 696 443 726 Ι.
462 698 502 727 V.
519 698 627 737 Polyb.
642 697 670 735 Ι,
687 698 739 727 30.

172 739 357 778 Hasdrubal,
382 741 455 770 Nat.
473 740 515 770 D.
538 740 602 776 ΙΙΙ,
626 742 677 770 38.
697 739 913 780 Carthaginem
929 750 1013 770 ever-

125 782 172 812 tit.
197 783 273 813 Dux
289 782 585 823 Carthaginiensium
608 783 640 812 in
660 783 739 813 bello
754 783 895 813 adversus
915 782 1015 812 Masi-

125 825 249 863 nissam,
273 826 355 855 unde
369 832 476 855 natum
496 826 612 855 bellum
632 825 785 856 Punicum
807 826 952 855 tertium:
976 825 1014 855 de

127 878 189 908 quo
205 879 233 898 v.
247 869 382 908 Appian.
399 868 430 897 in
448 868 555 898 Punic.
570 879 601 909 p.
618 869 669 898 63.
685 878 751 908 sqq.

172 911 361 947 Hasdrubal,
385 911 476 942 Balb.
493 912 543 942 22.
561 911 741 949 Gaditanus,
758 921 776 941 a
791 910 850 941 Cn.
868 910 1016 951 Pompeio

129 953 248 984 civitate
263 954 402 984 donatur.

174 998 305 1035 Hecate,
330 997 393 1027 Off.
412 995 476 1034 III,
504 999 553 1027 15.
570 996 710 1027 Rhodius
726 996 863 1037 quidam,
884 995 1017 1037 discipu-

130 1040 179 1069 lus
196 1040 334 1075 Panaetii,
350 1040 442 1070 libros
457 1040 494 1069 de
510 1040 627 1070 Officiis
652 1039 769 1080 scripsit
784 1040 825 1076 Q.
849 1039 1015 1069 Tuberoni.

131 1083 218 1112 Alios
234 1083 300 1121 ejus
315 1083 406 1112 libros
428 1089 644 1112 commemorat
662 1083 765 1112 La'ert.
789 1080 868 1119 VIl,
892 1083 944 1118 87.
967 1084 1019 1113 90.

136 1126 206 1155 101.
231 1126 297 1155 110.
319 1126 387 1154 124.
408 1126 477 1160 172.

174 1168 312 1205 Hecuba,
337 1168 403 1198 Fat.
432 1169 478 1198 15.
501 1178 579 1198 uxor
601 1168 728 1203 Priami,
751 1167 868 1208 peperit
883 1167 1019 1198 Alexan-

131 1211 232 1240 drurn.
257 1211 328 1242 Div.
346 1210 373 1248 Ι,
391 1213 442 1240 21.
462 1212 525 1241 visa
540 1217 584 1241 est
604 1211 635 1240 in
656 1210 768 1240 somnis
786 1210 908 1240 Priamo
923 1210 1020 1240 facem

131 1254 287 1284 ardentem
311 1264 424 1293 parere.
448 1255 540 1284 Tuse.
559 1253 624 1291 ΙΙΙ,
642 1257 694 1283 26.
712 1254 744 1283 in
760 1262 865 1283 canem
880 1263 1021 1283 conversa

136 1303 258 1336 propter
275 1296 403 1326 luctum.

180 1341 309 1375 Hector,
334 1339 405 1369 Div.
421 1339 449 1376 Ι,
466 1340 518 1369 30.
536 1339 729 1377 Homericus,
742 1338 884 1375 moriens,
899 1338 1023 1379 propin-

133 1392 226 1422 quam
245 1382 358 1412 Achilli
373 1389 500 1412 mortem
517 1382 686 1418 denuntiat,
709 1383 765 1412 (Sec.

180 1424 335 1464 Hegesias,
360 1425 556 1465 Cyrenaicus,
583 1425 675 1454 Tusc.
696 1424 724 1461 Ι,
741 1425 792 1454 34.
809 1425 874 1463 ejus
889 1429 1021 1463 Αποκαρ-

137 1479 234 1506 τερων.
260 1469 287 1497 Λ
308 1468 472 1497 Ptolemaeo
486 1467 662 1507 prohibetur
682 1467 719 1497 de
734 1467 854 1497 miseria
870 1466 938 1496 vitae
963 1466 1022 1495 hu-

136 1519 235 1540 manae
251 1511 403 1545 disserere,
426 1510 508 1550 quod
523 1510 660 1540 homines
685 1510 724 1540 ad
741 1516 869 1539 mortem
885 1509 947 1539 suis
962 1519 1023 1538 ser-

137 1553 279 1582 monibus
294 1552 456 1592 redigebat.
480 1552 716 1592 Philadelphum
731 1552 859 1592 intelligi
875 1562 891 1582 e
905 1558 1023 1592 tempo-

139 1605 208 1625 rum
224 1597 337 1625 ratione
350 1595 463 1635 colligit
479 1595 632 1626 Buherius
647 1594 685 1625 ad
699 1595 730 1624 h.
746 1595 767 1624 l.

180 1639 343 1676 Hegesias,
354 1637 544 1678 Magnesius,
556 1638 645 1667 Brut.
658 1639 708 1667 83.
719 1644 817 1668 orator
829 1637 1024 1667 Atheniensis

139 1680 274 1720 puerilis,
291 1680 466 1711 Chai-isium
488 1680 600 1710 imitari
616 1680 722 1717 voluit,
738 1686 768 1710 et
782 1690 814 1710 se
828 1680 925 1710 solum
942 1679 1026 1709 Atti-

139 1733 209 1753 cum
225 1730 323 1764 putat.
349 1726 414 1753 Att.
435 1722 513 1759 XII,
536 1724 564 1752 6.
582 1723 677 1753 utitur
695 1723 812 1754 dicendi
831 1732 939 1764 genere
954 1731 1026 1752 con-
