1122 1868
116 38 179 73 372
334 38 484 69 INDEX
507 38 792 72 HISTOR1CUS.

119 123 158 153 ad
181 123 400 164 Theophilum.
423 124 510 154 Verr.
529 124 595 163 ΙΙΙ,
612 126 663 155 45.
679 125 816 156 defensor
832 125 869 156 C.
884 125 1002 160 Verris.

121 172 161 201 et,
179 166 267 196 Brut.
279 168 331 203 47,
346 166 487 198 Chritilii.
505 166 591 197 Verr.
611 168 654 205 V,
676 172 722 199 15.
741 169 786 198 vir
801 168 961 210 primarius
973 174 1002 199 et

120 208 212 239 dives.
235 209 284 240 De
299 220 332 240 eo
345 221 372 239 v.
390 209 514 241 Corrad.
531 211 568 240 ad
585 212 672 241 Brut.
689 223 718 252 p.
734 214 808 242 344.

166 254 205 282 P.
222 254 314 290 Siser‚
330 253 398 283 Att.
413 252 475 288 XI,
492 256 539 282 153.
555 254 654 284 liberti
670 264 789 284 nomen.

165 296 316 333 Sisnphw,
343 296 436 327 Tusc.
461 295 487 326 Ι.
513 299 565 327 41.
592 297 752 337 prudentia
778 297 851 336 ejus.
872 295 945 327 ibid.
973 297 1003 326 5.

120 344 218 368 versat
233 349 350 369 saxum.

167 382 272 415 Simus,
300 381 366 411 Att.
384 381 460 416 XV,
480 383 528 413 17.
553 382 680 413 Sittiana
702 383 875 423 syngrapha
895 388 939 412 est
964 381 1003 412 ad

122 422 197 454 Div.
215 423 311 459 VIII,
330 427 358 453 2.
375 424 414 454 P.
441 425 552 455 Sitium
574 426 700 465 reperies
723 437 772 467 ap.
799 425 938 455 Hirtium
962 425 1001 455 B.

123 466 191 496 Afr.
208 468 258 497 36.
276 467 316 497 V.
332 478 423 506 supra
437 467 467 496 in
485 469 523 497 P.
545 469 674 499 Cincius.

177 511 320 545 Socrates,
351 510 443 540 'l‘usc-
474 510 533 547 IV,
565 511 616 545 37.
644 511 741 550 qualis
764 510 873 540 natura
901 510 1001 540 fuerit.

125 552 214 583 Offic.
233 552 262 588 I,
279 553 329 582 ⁶26.
355 552 459 582 eodem
477 563 594 592 semper
609 554 706 589 vultu,
724 553 890 593 eademque
905 553 1003 583 fronte

122 595 190 625 fuit.
214 596 283 625 Att.
297 594 394 631 VIII,
410 599 439 624 2.
456 605 526 625 cum
542 596 640 625 XXX
651 596 770 636 tyranni
787 602 894 626 essent.
909 595 1004 625 Athe-

122 638 169 667 nis
184 638 304 668 mansit.
327 638 399 667 Div.
419 638 446 673 I,
464 639 514 667 54.
531 645 597 678 post
612 649 747 679 pugnam
764 638 844 678 apud
863 638 1002 675 Delium,

123 680 241 715 eadem,
255 680 316 720 qua
331 681 440 717 caeteri‚
457 681 560 720 fugere
570 691 629 711 non
646 682 721 717 vult,
735 681 806 722 quia
821 681 1005 711 deterreatur

120 734 138 753 a
155 723 232 753 Deo.
257 723 319 753 Off.
342 722 368 756 Ι,
384 726 435 753 41.
459 730 562 754 contra
581 734 679 754 mores
699 723 1006 763 consuetudinemque

121 766 239 796 civilem
270 765 347 796 fecit.
379 766 472 797 Tusa.
502 766 528 803 I,
556 771 585 797 9.
611 777 703 807 quare
729 767 843 797 absolvi
865 766 1004 796 noluerit.

122 808 191 838 Fin.
222 806 267 844 ῙΙ,
288 812 313 838 l.
328 819 434 849 parens
450 809 657 849 philosophiae.
680 811 768 840 Tusc.
786 808 813 847 1,
830 810 957 848 4l.ejus
967 809 1006 839 ad

119 851 236 890 judices
255 852 359 882 oratio.
395 852 494 882 Acad.
513 853 541 887 I,
559 856 588 881 4.
605 854 670 891 ejus
692 852 890 893 philosophiae
909 861 1005 892 genus

123 894 240 934 quale?
265 894 336 924 Div.
355 893 382 932 Ι,
400 897 451 925 25.
467 895 547 935 apud
565 895 734 932 Platonem,
747 895 862 926 Critoni
873 894 1007 935 praedicit

124 947 211 966 suam
223 944 361 967 mortem.
394 937 472 976 Ejus
495 938 647 968 somnium
669 939 704 968 ea
723 938 760 968 de
780 948 820 968 re.
845 937 937 968 Tusc.
962 937 1005 973 V,

124 980 154 1008 3.
171 979 288 1020 primus
310 980 532 1021 philosophiam
558 981 594 1011 de
612 981 685 1011 coelo
701 981 825 1011 vocavit.
857 981 921 1011 Off.
938 980 1005 1016 ΙΙΙ,

125 1025 155 1051 3.
172 1022 285 1052 solebat
301 1033 349 1053 eos
359 1024 515 1060 exsecrari,
532 1024 585 1063 qui
601 1024 709 1054 natura
721 1023 909 1058 cohaerentia,
924 1023 1008 1053 utili-

125 1070 217 1095 tatem
239 1070 267 1095 et
282 1066 481 1103 honestatem,
497 1067 637 1106 opinione
652 1066 867 1097 distraxissent.
889 1066 961 1096 Div.
979 1065 1007 1103 I,

126 1110 156 1138 3.
168 1113 272 1138 manet
287 1109 318 1138 in
334 1109 529 1148 antiquorum
544 1109 794 1150 philosophorum
810 1109 956 1139 sententia
971 1107 1009 1138 de

125 1150 318 1181 divinatione.
342 1151 404 1182 Off.
420 1150 465 1186 II,
485 1153 532 1181 12.
548 1152 718 1192 proximam
731 1152 769 1181 ad
783 1152 911 1191 gloriam
927 1151 1008 1181 viam

125 1193 203 1223 dixit
225 1204 298 1231 esse,
322 1194 346 1224 si
362 1194 429 1235 quis
442 1194 474 1224 id
489 1203 598 1234 ageret,
613 1201 658 1231 ut,
676 1194 773 1235 qualis
787 1194 891 1224 haberi
905 1194 1007 1229 vellet,

126 1236 193 1266 talis
204 1242 287 1266 esset.
312 1237 405 1267 Tusc.
422 1236 450 1274 Ι,
468 1238 518 1267 43.
540 1239 605 1276 ejus
620 1237 657 1267 de
677 1237 831 1278 sepultura
852 1236 1007 1267 sententia.

125 1278 219 1309 Tusc.
239 1278 281 1316 V,
301 1280 352 1315 37.
378 1291 408 1310 se
431 1280 622 1310 mundanum
646 1280 788 1320 appellat.
821 1280 894 1310 Nat.
911 1279 953 1309 D.
979 1277 1007 1316 Ι,

126 1323 178 1350 34.
194 1332 212 1351 a
237 1322 358 1352 Zenone
381 1333 483 1353 scurra
510 1323 630 1353 Atticus
657 1328 788 1353 vocatur.
822 1322 885 1353 Off.
906 1323 934 1361 1,
956 1323 1008 1352 30.

127 1376 214 1404 ειρωιν.
238 1365 319 1405 Top.
338 1366 385 1395 10.
401 1365 573 1396 inductione
589 1365 755 1406 plurimum
771 1376 843 1396 usus
859 1371 911 1396 est.

171 1408 325 1445 Socratici,
339 1408 410 1438 Div.
430 1407 456 1445 Ι,
472 1408 501 1439 3.
514 1415 639 1438 manent
653 1408 683 1438 in
699 1408 894 1448 antiquorum
909 1407 1009 1448 philo-

127 1449 291 1490 sophorum
307 1450 452 1481 sententia
467 1450 504 1481 de
519 1451 710 1481 divinatione.
734 1451 797 1481 Off.
820 1451 848 1487 I,
873 1451 923 1484 37.
948 1461 1008 1480 ser-

127 1501 217 1522 mone
233 1493 279 1522 usi
296 1500 366 1523 sunt
380 1494 451 1531 leni,
470 1494 657 1535 minimeque
672 1493 828 1534 pertinaci,
845 1499 874 1523 et
888 1493 937 1523 cui
952 1493 1011 1523 im-

127 1534 242 1565 mixtus
257 1535 316 1565 fuit
326 1537 418 1576 lepos.

173 1578 273 1614 Solon,
291 1578 353 1608 Off.
372 1579 400 1613 I,
417 1580 467 1609 30.
484 1586 620 1610 versutus
635 1585 664 1609 et
678 1579 812 1609 callidus.
834 1579 903 1609 Att.
917 1579 960 1614 X,
982 1582 1007 1609 1.

127 1620 193 1658 ejus
208 1620 269 1654 lex,
286 1630 324 1650 ne
339 1621 406 1661 quis
421 1622 452 1651 in
469 1622 612 1653 seditione
632 1622 670 1652 sit
690 1622 824 1651 neutrius
849 1621 951 1661 partis.
973 1621 1011 1651 de

130 1662 235 1692 Divin.
254 1662 281 1698 Ι,
298 1667 350 1694 49.
381 1665 526 1695 orientem
542 1664 731 1705 tyrannidem
747 1664 844 1694 multo
859 1670 928 1694 ante
943 1674 1013 1704 pro-

130 1705 238 1745 spexit.
255 1706 345 1737 Rosc.
361 1706 433 1738 Am.
445 1709 496 1737 25.
509 1718 561 1738 cur
571 1708 687 1738 nullam
698 1707 796 1747 legem
806 1707 836 1737 in
849 1706 1010 1748 parricidas
