1122 1868
157 41 198 71 00
330 41 479 73 INDEX
503 40 866 74 GEOGRAPHICUS.

159 125 268 157 Flacco
285 128 335 165 14,
346 128 486 159 Thraciae
500 130 572 159 urbs
584 127 804 168 antiquissima,
816 127 942 158 Homer.
953 125 1043 158 Iliad.

162 175 198 204 Δ,
216 172 290 206 520,
306 171 439 207 laudata,
459 172 497 202 ad
519 172 630 202 ostium
653 171 796 201 orientale
815 170 922 200 Hebri.
953 169 1042 200 Locis

160 211 198 241 de
214 213 268 242 hac
284 215 358 244 urbe
370 225 388 244 a
408 214 549 251 Cellario,
564 214 603 244 G.
620 214 661 244 A.
678 214 718 243 Τ.
734 213 762 250 I,
780 224 808 254 p.
824 213 916 250 1061,
932 213 1042 250 allatis,

163 254 320 286 addendus
330 257 378 287 hie
392 257 484 287 Plinii
499 258 542 287 H.
554 258 596 287 N.
607 256 721 293 XVII,
735 257 753 285 4
767 267 774 285 :
794 255 868 286 Vites
883 256 972 285 aduri
980 277 1042 287 .....

164 299 263 328 AEnos
284 302 369 329 sensit
393 301 508 329 admoto
527 299 634 330 Hebro.
668 300 728 329 Pro
742 300 838 333 AEno,
860 309 909 339 ap.
928 298 1048 329 Cicero-

163 349 246 377 nem,
272 342 346 373 olim
376 343 490 373 lectum
510 345 611 379 AEmn,
634 348 663 373 et
684 341 755 372 inde
779 341 895 378 Haemo,
918 350 979 371 non
1001 346 1046 371 est

162 383 288 421 mirum,
312 395 382 415 cum
404 385 499 415 facilis
521 385 656 416 confusio
674 385 721 415 sit.
759 383 796 414 In
820 383 907 414 Actis
928 383 1043 414 Concil.

164 426 394 473 Constantinop.
411 427 457 464 ΙΙ,
475 428 554 458 Coll.
572 430 602 466 8,
619 439 648 469 p.
668 429 743 464 240,
759 427 918 458 subscribit
933 426 1049 457 Paulus

164 478 322 510 episcopus
343 473 387 501 1
390 482 511 507 monem,
532 482 587 511 pro
609 472 778 501 AEnivrnm.
800 470 841 500 V.
863 469 1047 510 Wesseling.

163 511 202 540 ad
216 512 347 544 Hierocl.
359 525 389 555 p.
401 515 475 552 634,
490 515 544 544 ubi
558 514 660 555 plures
675 513 713 544 de
727 518 847 544 auctore
862 512 945 543 urbis
957 511 1049 553 scrip·

167 559 245 585 tores
261 556 433 588 laudantur.

210 600 261 627 AE
265 600 322 636 νίὶιι,
339 600 421 640 regio
436 598 490 629 As'
469 610 519 630 1ae
531 599 662 630 Minoris
680 599 844 635 maritima,
861 608 931 639 quae
945 608 963 628 a
985 596 1050 639 Ly-

165 639 216 670 dia
240 651 337 682 usque
365 642 405 672 ad.
435 643 682 683 Hellespontum,
714 648 806 683 atque
835 641 1052 682 Propontidem

165 683 250 717 adeo
267 685 405 725 pertinet.

209 728 318 765 AEqui,
334 727 440 769 populi
456 727 537 758 Latii
554 727 673 758 Sabinis
687 734 716 758 et
732 727 845 758 Marsis
859 726 999 757 confines.

210 772 435 809 AEquimetium,
458 771 495 800 de
522 770 664 807 Div.11,
691 772 741 808 17,
763 771 847 800 locus
870 770 988 807 Roniae,
1012 769 1054 800 sic

166 811 312 892 ‹Pxeftussssq
291 813 373 854 quod
389 813 479 844 Meni
493 813 602 844 domus
624 813 667 844 ibi
684 818 803 855 aequata
822 813 885 844 solo
905 817 959 843 est.
985 812 1054 844 Liv.

213 900 366 930 AEsernia.
391 899 464 930 Vid.
482 900 615 930 Eserm'a.

214 943 423 979 AEtnenses,·1n
439 944 566 973 Verrem
578 942 639 979 IV,
652 944 703 979 18,
714 942 753 973 ad
767 946 902 972 montem
913 941 1052 980 AEtnam,

171 985 277 1025 populi
298 985 381 1016 urbis
399 987 513 1015 sElncc.
537 986 591 1016 Gr.
611 992 746 1020 Αιτιιαιοι,
765 985 819 1026 qui
838 990 998 1015 occurrunt
1021 985 1054 1015 in

170 1028 315 1058 nummis.
342 1029 383 1059 V.
399 1028 544 1059 Gotham.
558 1029 591 1058 N
593 1038 722 1058 ummar.
745 1028 787 1065 V,
804 1027 833 1056 4.

214 1072 340 1107 AEmlia,
358 1082 427 1112 pars
443 1071 568 1101 Graeciae
582 1071 660 1101 inter
674 1069 879 1100 Acarnaniam
899 1075 928 1100 et
942 1070 1055 1102 Locrin

170 1118 200 1142 et
215 1113 317 1143 sinum
335 1113 528 1144 Corinthium
541 1125 551 1149 ς
576 1113 657 1143 unde
673 1114 779 1143 AEtali.

215 1157 371 1193 Agerensis
396 1167 477 1196 ager,
503 1156 560 1186 Or.
585 1156 622 1186 de
645 1156 721 1196 Leg.
747 1155 857 1196 Agrar·
877 1154 924 1192 ῙῙ,
951 1156 1000 1191 19,
1025 1156 1057 1187 in

171 1196 255 1228 Asiae
269 1199 389 1239 regione
409 1199 478 1234 fuit,
500 1210 569 1239 quae
584 1209 602 1228 a
618 1199 653 1228 P.
672 1198 797 1229 Servilio
813 1197 946 1229 Isaurico
961 1199 1059 1240 impe-

170 1241 214 1271 rio
238 1242 330 1271 Rom.
350 1241 493 1281 adjuncta
515 1248 577 1277 est;
609 1241 633 1271 si
656 1241 779 1282 quidem
802 1251 875 1271 sana
896 1241 983 1272 lectio
1005 1247 1059 1273 est.

171 1283 231 1314 Sed
246 1283 422 1320 Turnebus,
445 1284 594 1321 Graevius,
613 1284 736 1324 aliique,
752 1283 813 1324 legi
833 1284 950 1321 volunt,
968 1285 1058 1323 Suga-

171 1328 301 1357 [assensis
316 1328 362 1357 vel
379 1328 410 1356 A
414 1329 592 1363 galussensis,
616 1337 634 1356 a
649 1327 817 1367 Sagalasso,
833 1328 908 1357 urbe
923 1327 1056 1364 Pisidiae,

173 1369 204 1398 in
221 1369 254 1399 ea
269 1370 401 1410 regione,
418 1379 512 1411 quam
530 1371 587 1400 sub
608 1370 700 1400 Rom.
720 1374 899 1411 potestatem
915 1370 1058 1401 Servilius

172 1411 295 1453 redegit.

219 1457 413 1493 Agraffiance,
439 1466 461 1486 s.
487 1456 677 1496 Acragivnae,
693 1461 798 1493 ρον-Ιώ,
823 1454 916 1486 Tusc.
935 1455 978 1493 V,
1003 1457 1057 1493 23,

174 1504 268 1538 portae
281 1499 509 1539 Syracusarum,
523 1510 592 1539 quae
601 1499 801 1528 imminebant
810 1497 877 1535 viae,
889 1509 957 1539 quae
967 1498 1060 1540 Agri-

175 1547 302 1580 gentum
323 1543 444 1571 ferebat.
479 1541 658 1575 Dorvillius,
678 1541 716 1571 ad
733 1540 849 1572 Charit-
863 1552 893 1581 p.
914 1542 985 1579 193,
1000 1553 1058 1583 pu-

176 1590 231 1620 tat,
248 1594 353 1613 verum
363 1595 426 1614 esse
444 1586 632 1620 A‹·hradinae,
649 1585 696 1614 vel
710 1584 931 1622 Apngantinae.

224 1628 427 1666 Agrigentum,
444 1628 474 1656 in
486 1628 614 1657 Verrem
632 1626 697 1662 III,
710 1628 762 1664 26,
778 1626 926 1666 oppidum
937 1626 1056 1665 Siciliae,

176 1668 207 1697 in
229 1669 383 1699 maritima
403 1671 455 1699 orii
471 1681 572 1701 versus
592 1670 764 1700 Meridiem.
798 1669 918 1699 Dicitur
932 1670 1062 1710 Acragas

180 1718 208 1741 ct
223 1713 368 1753 Agragas,
385 1712 422 1742 de
439 1713 555 1743 Graeco.
585 1712 663 1751 Ejus
677 1713 761 1743 urbis
776 1712 997 1743 accuratissima
1011 1713 1062 1743 de-
