1137 1848
302 81 454 112 INDEX
478 81 764 113 HISTORICUS.
912 81 975 110 205

90 173 123 198 tu
139 167 215 197 nihil
230 168 311 208 agit3
336 167 373 198 de
387 168 591 198 intercalando
605 168 740 198 obtinet:
765 167 798 197 fit
809 166 977 207 popularis,

91 216 120 239 et
135 221 189 250 pro
205 211 321 241 Caesare
330 211 485 251 loquitur3
510 211 608 251 legem
632 210 769 241 Viariam
786 217 814 240 et
838 209 977 239 Alimen-

91 253 199 282 tariam
215 254 281 283 fert.
299 253 345 291 ΙΙ,
368 257 414 284 13.
428 254 577 283 Caesarem
593 253 751 283 defendere
766 253 883 293 incipit,
894 251 977 293 quod.

90 301 159 325 ante
182 296 349 337 suspicatus
371 302 414 326 est
435 296 548 326 Cicero.
566 297 667 333 VIII,
690 300 735 326 11.
759 302 849 336 negat
865 306 894 325 se
910 305 977 335 per-

88 338 265 375 missurum,
279 346 313 369 ut
329 339 430 369 Caesar
446 339 483 369 de
498 339 651 380 provincia
667 339 808 369 decedat:
834 337 977 378 Pompei-

88 391 152 415 um,
169 381 200 410 id
215 382 398 422 cupientem,
416 382 495 412 male
510 382 637 422 accipit;
660 388 689 411 et
705 383 770 421 ejus
787 382 821 411 II
840 381 977 411 consula-

89 429 155 453 tum
172 425 313 464 exagitat.
338 425 392 459 (V.
409 425 446 455 de
469 425 516 455 his
538 431 709 455 narrantem
732 425 875 460 Dionem,
898 423 973 459 XL,

88 477 118 507 p.
139 470 205 498 143.
217 474 292 508 seq.)
303 468 341 498 ad
354 468 425 498 Div.
439 467 539 505 VIII,
556 472 602 498 10.
614 468 681 497 trib.
693 468 735 508 pl.
746 468 784 497 de
796 477 868 507 agro
882 466 977 497 Cam-

88 520 180 550 pano,
193 516 262 540 ante
275 511 401 541 Caesaris
413 511 577 541 adventum
595 521 610 540 e
621 510 734 547 Gallia,
749 509 921 545 dividendo,
939 519 977 539 ex

89 553 155 591 ejus
169 553 235 593 lege
250 553 376 590 laborat,
402 564 439 583 ne
456 554 558 584 Caesar
578 553 709 583 dividere
733 553 835 593 possit.
860 553 926 582 Att.
950 552 977 588 Ι,

97 599 144 625 14.
160 596 253 626 filiola
268 597 317 626 Μ.
338 597 469 626 Antonii
492 597 610 627 dicitur.
629 596 709 626 Phil.
728 597 775 632 ΙΙ,
793 600 822 625 2.
847 602 978 626 scortum

91 638 140 668 M.
158 639 285 669 Antonii
308 639 468 669 triumviri.
496 640 550 669 ΒΓ.
567 642 618 668 81.
639 645 780 669 naturam
804 638 910 669 habuit
926 637 978 667 ad-

90 681 261 711 mirabilem
283 682 321 711 ad
336 682 518 718 dicendum3
547 682 638 722 plane
662 682 806 712 eruditus.
838 681 978 711 Temeri-

92 728 152 754 tate
164 724 193 754 in
211 725 290 755 bello
305 725 385 754 civili
401 725 497 765 periit.
514 725 553 754 ad
565 724 637 754 Div.
657 724 752 760 VIII,
771 728 800 753 2.
817 725 881 763 ejus
895 724 978 754 thea-

91 772 183 796 trum.
208 767 256 797 De
268 778 328 808 quo
344 768 403 797 vid.
422 768 502 797 Plin.
520 768 563 797 H.
582 767 624 796 N.
641 767 804 803 XXXVI,
822 769 870 797 15.

137 811 260 847 Curius,
291 811 327 840 de
355 809 421 840 Inv.
445 811 473 845 Ι,
499 811 550 839 43.
574 816 672 839 orator
693 810 830 850 quidam,
851 821 866 840 e
892 811 979 849 cujus

92 853 224 882 oratione
235 864 288 893 pro
302 854 412 883 Fulvio
424 854 514 883 verba
525 853 666 893 quaedam
677 852 849 883 laudantur.
872 853 932 884 Sed
948 863 976 883 v.

90 895 122 924 in
138 898 200 926 Ser.
218 897 354 926 Fttlvtus.

138 941 169 968 (J.
188 939 309 977 Curius,
332 944 417 980 pater
433 939 552 969 Rabirii
568 939 717 969 Postumi.
751 939 830 969 Rab.
848 939 931 970 Post.
947 942 978 969 2.

138 1026 180 1055 M
184 1027 189 1039 ‘
205 1026 314 1055 Curius
335 1027 494 1055 Dentatus.
528 1026 582 1055 ΒΓ.
609 1028 655 1056 14.
672 1025 740 1055 trib.
766 1025 808 1065 pl.
834 1025 981 1066 interrege

95 1068 197 1108 Appio
223 1068 324 1105 Caeco,
354 1069 451 1109 coegit
477 1074 575 1108 patres
607 1074 676 1098 ante
700 1068 822 1098 comitia
848 1074 983 1098 auctores

96 1111 169 1140 fieri.
193 1110 266 1148 Qua
281 1111 319 1141 de
333 1121 364 1141 re
380 1111 440 1141 vid.
464 1111 610 1151 Pighium
629 1111 667 1140 ad
682 1111 725 1140 A.
742 1113 814 1140 455.
848 1111 982 1141 Gronov.

94 1154 171 1184 Obs.
189 1154 215 1192 Ι,
232 1156 284 1184 25.
313 1154 470 1184 Drakenb.
491 1153 530 1184 ad
554 1154 623 1184 Liv.
645 1154 693 1190 X,
726 1157 773 1184 11.
808 1153 932 1183 Muren.
950 1155 980 1183 8.

95 1196 187 1227 homo
207 1207 303 1227 novus
327 1197 365 1227 ad
389 1197 580 1227 consulatum
603 1196 747 1236 pervenit.
772 1196 844 1226 ibid.
870 1199 920 1226 14.
945 1196 983 1226 de

95 1249 165 1279 rege
190 1239 309 1280 Pyrrho
327 1240 505 1280 triumphat.
523 1239 588 1269 Att.
607 1238 667 1275 IV,
689 1242 736 1269 15.
756 1238 867 1269 emittit
880 1239 983 1269 lacum

94 1282 253 1313 Velinum.
277 1282 381 1312 Plane.
401 1284 452 1312 25.
470 1283 546 1312 Suu.
564 1284 593 1317 7.
618 1282 687 1312 Fin.
705 1282 753 1319 ΙΙ,
776 1285 823 1312 10.

139 1326 189 1354 M’
204 1326 324 1362 Curius,
341 1326 394 1355 ΒΥ.
411 1327 463 1354 53.
485 1325 716 1355 controversiam
732 1335 802 1354 cum
818 1324 868 1354 Μ.
885 1324 985 1366 Copo-

98 1368 149 1398 nio
164 1368 264 1398 habet.
291 1368 347 1398 Or.
365 1368 391 1405 l,
408 1369 458 1399 39.
476 1369 524 1405 ΙΙ,
545 1372 598 1398 32.
617 1368 750 1398 Curiana
774 1378 872 1397 causa.
890 1367 936 1405 ΙΙ,
953 1369 984 1398 6.

96 1417 162 1441 acta
177 1422 195 1441 a
210 1411 247 1441 L.
262 1409 370 1442 Crasso
393 1417 507 1442 oratore
520 1422 530 1447 ς
554 1421 623 1452 quae
638 1410 737 1452 qualis
758 1410 860 1447 fuerit,
877 1411 937 1441 vid.
955 1410 984 1450 Ι,

145 1497 191 1527 Μ’
210 1498 332 1534 Curius,
348 1498 386 1528 ad
402 1497 473 1528 Div.
493 1497 538 1534 ΙΙ,
559 1500 607 1528 19.
625 1496 820 1527 consobrinus
842 1496 879 1527 C.
897 1496 985 1527 Coelii

98 1540 264 1580 quaestoris.
299 1541 398 1571 Flacc.
424 1542 475 1571 33.
511 1541 653 1578 Quaestor
678 1541 809 1570 urbanus
827 1539 930 1570 Silano
955 1545 985 1569 et

100 1583 235 1613 Murena
251 1593 323 1613 coss.
339 1585 408 1613 Sen.
425 1590 493 1624 post
505 1583 582 1614 Red.
599 1584 628 1612 8.
646 1583 714 1613 trib.
731 1583 772 1623 pl.
798 1583 834 1612 P.
851 1582 985 1612 Lentulo

99 1626 259 1666 Spinthere
280 1637 337 1656 cos.
363 1627 440 1665 Ejus
455 1627 533 1667 patri
552 1632 682 1667 quaestor
696 1625 754 1655 fuit
771 1624 886 1656 Cicero.
910 1624 983 1654 Fuit

98 1674 200 1698 autem
212 1675 342 1709 quaestor
352 1671 422 1699 Sex.
440 1669 599 1699 Peducaei
592 1679 622 1698 in
629 1667 738 1699 Sicilia.
752 1668 907 1698 Eumdem
921 1677 983 1697 esse

98 1712 329 1793 putzzlqui,)ad
346 1712 466 1744 Divers.
484 1711 583 1751 XIII,
601 1713 651 1744 49.
675 1711 836 1752 proconsul
852 1716 984 1741 vocatur.

198 1765 272 1784 azzo.
748 1763 770 1784 ’1
