1122 1868
164 53 205 82 5ss
336 52 485 85 INDEX
509 53 877 85 GEOGRAPHICUS.

157 138 253 179 gentis
270 136 375 168 Acheti
385 150 398 175 ,·
414 139 467 180 qui
482 139 545 180 ipse
561 140 671 170 fluvius
686 146 739 170 aut
753 139 837 170 locus
850 139 970 181 ignotus
982 142 1047 176 est;

164 180 245 210 unde
257 181 333 211 inud
343 191 453 212 nomen
459 183 539 213 varie
547 189 689 213 tentatur.
709 183 804 213 Pubes
811 183 913 212 Acheti
923 186 1048 222 possunt

163 223 222 253 dici
240 225 387 254 Acherini.
410 225 453 255 Et
468 225 591 256 fortasse
608 226 648 256 sic
663 225 780 266 scripsit
794 225 907 256 Cicero.
930 223 988 255 Sed
1003 223 1048 253 nil

163 266 283 297 definio.
316 267 467 298 Caeterum
489 269 581 299 semel
600 269 651 298 hic
672 269 781 298 dixisse
800 267 946 298 sufficiat:
974 267 1046 296 Non

162 309 260 339 valere
274 310 352 340 hanc
367 311 524 349 rationem,
541 311 614 352 qua,
630 311 663 341 in
674 311 850 350 hujusmodi
863 309 1047 346 nominibus,

162 352 327 393 geographi
347 359 376 383 et
397 353 488 383 critici
509 364 586 395 saepe
601 360 748 384 utuntur:
779 357 801 372 “
821 353 882 384 Hoc
902 362 1002 382 nomen
1016 353 1048 381 in

161 396 242 424 mello
266 397 322 424 alio
342 402 459 426 auctore
483 398 633 432 ocrim-it,-
658 408 724 438 ergo
743 398 879 427 vitiatum
903 402 952 430 est,
967 399 993 424 et
1014 395 1047 424 in

160 445 258 467 uotum
274 449 377 468 nomen
389 440 595 469 ⁷›zutandzm1.'’
611 440 690 477 Quis
703 440 783 470 enim
800 439 969 474 contendat,
980 447 1046 468 om·

159 480 210 510 nia
224 481 289 511 loca
304 481 414 521 exigua
429 487 458 512 et
478 483 603 513 obscura
621 482 742 519 Siciliae,
759 488 811 512 aut
827 483 1044 521 cujuscumque

160 523 300 563 regionis,
331 531 497 555 memorata
525 536 587 555 esse
615 525 794 566 geographis
819 525 962 565 antiquis,
992 527 1046 553 aut

157 566 225 596 aliis
247 567 427 597 auctoribus.
457 568 489 598 Si
508 568 551 597 nil
566 568 682 598 variant
705 568 798 599 MSS.
822 567 971 603 meliores,
989 575 1045 596 nec

158 609 224 649 ipsa
236 609 310 639 ratio
322 610 480 641 manifeste
491 611 598 641 w'tium
609 611 744 641 lectionis
757 610 915 645 convincit,
927 610 970 640 nil
980 616 1046 639 ten-

155 652 294 682 tandum.
310 653 359 683 Sic
365 653 578 692 judicatetiam
589 653 743 684 Drakenb.
755 653 794 684 ad
804 653 870 683 Liv.
878 653 980 689 VIII,
993 652 1044 682 12.

203 696 403 733 Acmmwnses,
420 707 465 737 pr.
477 697 574 727 Flacc.
590 697 639 732 15,
656 696 761 726 incolae
777 697 924 726 Acmonia]
941 695 1040 737 Phry-

154 738 213 778 giae
227 748 356 778 magnae.
395 741 431 769 ln
451 739 600 770 Hieroclis
620 739 806 779 Synecdemo
821 745 944 777 Ακμωνα
966 737 1039 768 dici-

154 787 225 812 tur:
260 781 299 811 ad
319 792 348 821 q.
371 781 392 811 l.
412 793 439 812 v.
458 782 504 813 W
506 782 709 822 esselingium.
740 782 812 812 Alia
831 787 875 812 est
899 782 1040 811 Acmonia

153 824 260 855 Daciae
282 824 418 864 Trajani.
453 825 569 856 Vitiose
591 825 658 855 edd.
680 830 752 857 vett.
775 824 915 866 quaedam
937 823 1040 854 AEmo-

154 878 264 898 nenses,

198 911 357 948 Δεναᾶἱηα,
381 912 429 943 vel
452 910 633 949 Achradina,
658 911 690 942 in
710 911 798 943 Verr.
822 909 865 947 V,
891 910 945 949 53,
967 918 1037 951 pars

153 953 382 995 Syracusarum.

193 997 386 1037 Aeragianae.
403 997 476 1029 Vid.
493 997 690 1037 Agragz'anoe.

194 1041 366 1077 Amonoma,
382 1041 420 1071 ad
434 1041 503 1071 Att.
527 1040 630 1079 XIII,
646 1041 699 1078 40,
714 1040 797 1070 locus
819 1039 958 1070 incertus.
983 1037 1036 1068 Pi-

149 1083 247 1114 thoeus
262 1083 294 1113 in
312 1084 449 1124 margine
467 1083 536 1114 libri
554 1084 600 1114 sui
620 1083 737 1124 scripsit
758 1093 827 1113 saxa
847 1082 1035 1118 ficher-omia,

148 1126 242 1166 quod,
254 1126 315 1157 sive
330 1137 367 1157 ex
378 1126 510 1167 ingenio,
524 1125 585 1157 sive
596 1137 633 1156 ex
645 1126 722 1156 libro
732 1131 786 1162 est,
798 1135 857 1155 non
867 1123 1034 1155 absurdum

148 1174 234 1208 puto.
258 1169 343 1199 Nam
355 1170 531 1199 Acheruntia
545 1170 614 1199 urbs
630 1168 753 1210 Apuliae
766 1168 799 1198 in
814 1168 875 1197 alto
888 1177 960 1197 saxo
974 1172 1034 1197 sta-

149 1212 220 1241 bat:
250 1212 334 1243 unde
347 1213 450 1241 nidum
465 1212 651 1243 Acherontioe
665 1211 798 1252 appellat
814 1211 970 1240 Horatius.

192 1255 322 1293 Actium,
339 1256 410 1286 urbs
426 1260 456 1286 et
476 1255 716 1295 promontorium
731 1253 924 1290 Acarnaniae,
944 1262 1038 1294 prope

148 1296 250 1328 sinum
265 1299 479 1335 Ambracium,
495 1297 601 1339 pugna
618 1298 695 1328 inter
711 1296 875 1328 Octavium
890 1301 920 1326 et
933 1298 1037 1326 Anto-

147 1340 235 1370 nium
250 1341 455 1371 nobilitatum.

192 1382 313 1413 Actium
334 1386 482 1424 Corcyrce¹
504 1384 543 1414 ad
558 1384 624 1414 Att.
643 1382 726 1420 VII,
747 1383 779 1419 2,
795 1383 878 1412 locus
893 1392 916 1412 s·
931 1386 1036 1422 portus

143 1425 251 1456 insulae
267 1427 416 1467 Corcyrae.
433 1427 482 1457 cui
497 1427 604 1457 insulae
619 1436 730 1457 nomen
744 1425 895 1465 adJicitur,
912 1434 949 1454 ne
964 1434 1034 1455 cum

146 1469 239 1499 Actio
254 1469 438 1500 Acarnaniae
453 1470 665 1500 confundatur.

190 1512 365 1549 ΛςιιΙαιιιιιη,
383 1512 421 1542 ad
430 1512 497 1542 Att.
516 1513 612 1549 XVI,
629 1514 661 1550 2,
678 1516 788 1552 putant
800 1521 861 1541 esse
872 1510 951 1541 idem
966 1520 1036 1540 cum

147 1555 312 1592 AEmdwo,
330 1555 412 1595 quod
428 1561 471 1586 est
485 1555 633 1596 oppidum
653 1555 685 1584 in
702 1554 851 1594 Hirpinis.
882 1553 941 1584 Sed
964 1553 1036 1583 Ma-

143 1598 248 1629 nutius
263 1604 354 1638 negat
368 1599 470 1628 locum
493 1608 601 1628 sanum
614 1607 688 1635 esse,
706 1602 736 1627 et
751 1596 871 1636 conjicit
888 1596 1034 1626 Hercula-

143 1651 226 1677 nusnz,
242 1640 324 1681 quod
340 1650 399 1671 non
409 1641 498 1681 longe
513 1642 596 1671 abest
605 1651 624 1671 a
639 1639 834 1680 Pompeiano.
858 1639 920 1669 Pro
933 1641 1033 1668 λίσῃ-

142 1685 242 1713 lanum
263 1683 373 1713 dicitur
394 1689 424 1713 et
451 1683 607 1721 Eclmzum,
629 1683 661 1712 in
678 1682 814 1712 Itinerar.
837 1681 956 1711 Anton.
977 1680 1030 1712 ubi

140 1726 452 1767 vidWVesselingium.
468 1726 557 1758 Conf.
567 1724 738 1757 Goesiilnd.
748 1724 779 1755 in
790 1723 890 1765 script.
902 1724 942 1755 R.
951 1725 1028 1766 Agr.
