1122 1868
160 77 219 107 192
372 76 522 107 INDEX
546 76 575 107 H
583 75 830 107 ISTORICUS.

154 161 335 192 mentariam
361 163 397 193 P.
425 162 551 194 Clodius
576 163 642 203 Iege
668 160 867 192 frumentari&
889 158 1046 201 permittit.

156 206 239 234 Sext.
251 208 302 234 6-1.
316 205 396 245 leges
418 205 526 237 Clodio
542 205 669 246 scripsit.
698 204 773 236 Coel.
789 207 840 234 32.
859 203 1043 233 tabularium

156 246 308 283 incendit;
326 249 379 278 ubi
395 256 423 279 et
437 249 540 279 omnia
556 250 620 287 ejus
635 248 744 278 scelera
758 251 1043 278 commemorantur.

157 289 223 320 Att.
241 291 325 321 XIV
327 313 336 326 ‚
358 295 404 322 13.
419 294 456 322 ab
472 292 610 321 Antonio
621 291 775 320 restitutus
791 297 844 320 est.

201 334 286 364 Sea-t.
308 335 440 371 Clodius,
459 335 568 364 rhetor.
584 335 649 363 Att.
674 333 735 371 IV,
761 337 807 364 15.
831 343 892 374 quo
909 341 982 362 usus
1000 336 1045 360 est

160 375 292 411 Atticus.
315 384 344 407 et
359 378 526 408 Antonius.
548 377 633 408 Phil.
648 377 698 413 11,
727 380 773 407 19.
799 376 850 406 De
865 385 911 413 eo,
927 385 956 405 v.
970 375 1045 404 Sue-

159 424 221 448 ton.
232 419 268 449 de
285 419 398 450 Illustr.
412 421 503 450 Rhet.
521 431 544 450 c.
563 422 592 449 5.

201 464 281 492 Seoet.
299 464 422 493 Clodius
440 465 594 493 Phormio.
614 462 692 494 Caec.
714 466 760 493 10.
778 461 973 502 argentarius.

203 506 338 541 Cla-lius,
356 507 422 536 Att.
437 507 480 543 X,
498 508 526 535 8.
552 505 752 540 Caesarianus,
769 505 861 535 cliens
876 503 982 533 Attici.

206 550 242 578 T.
265 550 404 586 ίΊοεΙίιι-ς,
423 550 511 579 Rosc.
528 550 634 578 Amet.
656 552 707 579 23.
731 546 955 578 Terracinensis
977 544 1046 586 qui-

157 591 237 625 dam,
255 591 347 620 homo
371 602 431 622 non
456 593 608 622 obscurus.
642 591 720 621 Haec
736 590 876 620 videntur
900 597 1045 629 pugnare.

159 634 233 664 Fuit
249 636 392 664 obscurus
410 636 529 669 Romae,
547 643 606 663 non
622 635 766 663 obscurus
781 633 812 662 in
828 632 936 672 patria.

207 678 363 714 Clamas,
378 678 443 707 Att.
456 676 537 713 XII,
555 680 602 707 18.
617 676 650 706 it.
665 677 716 705 36.
741 675 885 705 Manutio
904 674 1049 704 architec-

156 724 206 748 tus
222 719 350 756 videtur,
375 720 428 760 qui
449 719 586 750 Ciceroni
604 719 734 749 formam
757 718 821 748 fani
841 717 1046 757 descripserat,

156 772 217 802 quo
234 762 339 792 Tullia
354 768 583 792 consecraretur.

203 806 348 841 Cluditae,
365 805 439 836 Div.
457 806 484 843 Ι,
501 808 553 836 41.
569 805 741 845 haruspices
755 804 787 833 in
799 803 1021 844 Peloponneso.

202 849 358 884 Cluentia,
377 848 498 879 Cluent.
516 850 544 878 5.
561 858 642 878 soror
655 846 800 878 Cluentii.

200 891 240 920 A.
259 893 423 927 Cluentius
435 892 553 927 Avitus,
574 889 645 921 Clu.
667 895 692 921 1.
709 889 848 927 Larinas,
859 898 914 929 pro
929 898 991 929 quo
1003 893 1047 918 est

161 940 267 964 oratio.

201 978 304 1008 IVum.
327 979 500 1015 Cluentius,
519 977 642 1009 Cluent.
659 978 709 1007 60.
727 986 818 1016 eques
830 975 1000 1005 Romanus.

203 1022 235 1051 C.
252 1022 393 1057 Οίαυίαε,
411 1023 502 1052 Ros-c.
516 1020 604 1052 Com.
626 1023 673 1051 14.
696 1019 718 1049 J
722 1019 802 1048 udex
817 1018 848 1047 in
865 1016 953 1047 causi
965 1017 1047 1047 Fan-

160 1063 205 1092 nii
221 1070 323 1093 contra
338 1065 491 1094 Flavium.

204 1108 344 1138 Cluvius.
361 1107 558 1141 Puteolanus,
574 1105 612 1136 ad
628 1105 703 1135 Div.
726 1102 827 1137 xm,
844 1103 873 1138 7.
889 1113 908 1133 a
929 1101 1048 1133 Caesare

158 1150 319 1189 praefectus
335 1159 407 1188 agro
421 1150 453 1179 in
470 1149 573 1179 Galli&
591 1146 745 1187 Cisalpina}
760 1145 931 1176 dividendo.

203 1193 256 1221 M.
273 1193 408 1225 Cluvius,
433 1191 631 1227 Puteolanus,
652 1191 821 1220 foenerator.
841 1188 880 1217 ad
900 1188 969 1218 Att.
986 1186 1047 1224 VI,

160 1238 190 1265 2.
206 1235 244 1264 ad
261 1234 335 1266 Div.
348 1234 452 1272 XIII,
468 1235 523 1264 56.
546 1234 684 1264 Fortasse
698 1232 780 1262 idem
796 1237 840 1261 est
854 1240 923 1261 cum
939 1240 1050 1272 praeoe-

159 1277 256 1308 dente.

205 1322 334 1350 Cluvius
355 1322 477 1351 Tullus.
500 1320 539 1349 V.
558 1321 676 1350 Tullus.

205 1364 449 1402 (lytcemneslra,
466 1364 534 1394 Fat.
553 1367 599 1393 15.
610 1363 673 1392 filia
689 1360 834 1402 Tyndari.

206 1408 359 1442 Cocceius,
378 1408 446 1436 Att.
470 1404 552 1443 XII,
583 1409 630 1436 13.
663 1409 709 1436 18.
744 1403 874 1434 Videtur
896 1412 970 1439 esse,
994 1401 1050 1443 qui

161 1448 232 1478 dein
253 1450 301 1478 M.
328 1449 456 1479 Antonii
475 1448 626 1479 triumviri
657 1453 788 1488 quaestor
808 1452 837 1476 et
856 1446 973 1486 legatus
995 1454 1050 1485 pro

163 1497 311 1531 quaestore
326 1492 395 1527 fuit,
412 1498 516 1522 auctor
535 1492 616 1532 pacis
630 1491 707 1520 inter
724 1489 894 1520 Antonium
911 1494 940 1518 et
955 1487 1051 1518 Octa-

160 1534 284 1563 vianum
300 1545 307 1563 z
331 1534 368 1564 de
383 1544 444 1575 quo
456 1535 591 1575 Appiam.
604 1534 644 1564 Β.
662 1532 698 1564 C.
712 1533 764 1563 lib.
774 1532 816 1569 V,
832 1542 863 1572 p.
877 1535 885 1561 1
901 1533 966 1560 122.
982 1539 1051 1570 sqq.

160 1576 207 1605 ed.
225 1576 306 1606 Tou.
328 1577 507 1607 Praenomen
518 1578 584 1615 ejus
605 1586 652 1617 ap.
669 1576 847 1616 Appianum
863 1579 907 1604 est
922 1572 1049 1610 Lucius,

159 1618 191 1647 in
217 1628 347 1649 nummo
373 1620 455 1660 apud
470 1620 632 1650 Valentem
653 1619 691 1649 de
717 1618 814 1648 Num·
844 1617 932 1647 Fam.
956 1615 995 1646 T.
1021 1615 1051 1653 1,

160 1671 231 1701 pag.
251 1665 322 1692 2⁹8.
347 1662 484 1692 Marcus.

206 1706 317 1741 Cocles,
335 1704 429 1744 Legg.
449 1706 498 1742 11,
515 1708 544 1735 4.
567 1704 631 1735 Off.
646 1703 676 1741 1,
697 1707 743 1735 18.
767 1701 877 1732 Parad.
899 1702 928 1732 Ι.
945 1699 1050 1732 sortist

163 1752 287 1786 pontem
303 1753 406 1779 contra
420 1747 482 1779 vim
497 1747 630 1779 hostium
646 1746 778 1779 obtinuit
791 1745 882 1778 solus.
