1122 1868
133 74 195 104 280
340 73 489 106 INDEX
513 74 800 107 HISTORICUS.

546 161 595 192 M.

177 246 211 276 C.
226 246 341 285 Macer,
357 258 372 278 e
387 246 519 278 Liciniis.
535 247 624 277 Brut.
638 248 688 282 67.
700 247 779 277 Rab.
793 244 880 275 Perd.
893 245 923 274 2.
940 254 1017 285 qua-

131 288 169 318 lis
189 295 286 319 orator
301 290 399 320 fuerit.
423 290 510 320 Calvi
525 290 648 320 oratoris
663 296 757 330 pater,
782 289 818 319 C.
833 287 951 318 Rabirii
967 287 1015 316 in-

132 331 249 361 imicus.
273 333 339 362 Att.
357 332 384 371 Ι,
401 335 430 362 4.
447 333 483 362 de
503 333 675 373 repetundis
696 331 924 367 condemnatur,
938 339 1014 370 prae-

132 379 195 404 tore
217 373 368 405 Cicerone.
394 375 481 416 (Vid.
508 377 539 405 C.
565 377 703 405 Licinius
721 375 850 410 Caluus.)
874 373 1014 402 Verbum

133 419 156 434 “
172 419 411 455 σηηιίειηηιιιιιι-,”
428 418 580 458 quomodo
597 418 648 448 hic
662 416 904 457 intelligendum,
921 415 1015 444 disces

132 469 170 489 ex
187 459 287 490 Valer.
300 461 387 490 Max.
400 460 462 497 IX,
474 464 502 492 7.
524 465 570 491 12.
596 461 671 501 Leg.
688 459 715 497 Ι,
734 464 762 489 2.
782 459 938 489 historicus
952 457 1016 487 La-

133 502 227 539 tinus,
251 504 359 543 argutis
379 504 570 544 loquacitate,
592 503 643 533 sed
666 513 725 533 non
753 513 790 533 ex
807 502 912 531 Graeco
936 500 1018 529 fonte

130 544 241 579 ducta:
259 545 296 575 de
312 556 372 586 quo
383 547 459 585 loco,
476 552 505 576 et
519 546 584 587 ipso
595 546 744 587 imprimis
754 545 872 581 Macro,
888 554 916 574 v.
927 542 1016 573 Voss.

134 586 178 616 H.
196 588 264 618 Lat.
283 587 309 626 Ι,
333 593 378 619 10.

175 631 291 668 A'Wacrn,
309 632 374 661 Att.
386 631 445 669 IV⁷
462 634 510 662 12.

174 674 310 711 Macula,
337 676 503 712 Pompeius,
520 674 558 704 ad
579 674 651 704 Div.
668 673 730 711 VI,
747 672 796 704 19.
819 670 956 703 Ciceroni
970 670 1016 700 di-

132 716 299 747 versorium
315 716 344 746 in
362 717 491 747 Falerno
503 727 556 747 suo
571 717 667 747 offert.

174 759 315 797 Madaro,
333 759 398 790 Att.
417 760 477 797 1V,
494 762 523 790 2.
543 767 587 790 est
600 760 729 796 Matius,
742 769 760 789 a
774 757 891 790 calvitie
903 757 943 788 sic
954 756 1017 787 dic-

138 807 197 831 tus.
219 800 300 830 Add.
317 802 348 832 in
364 804 500 833 Calventi.

176 846 373 882 sslaeandrz'us,
392 845 489 875 Flacc.
506 850 557 876 22.
574 845 761 876 Trallianus.

178 889 211 918 C.
227 888 387 925 sslaecenm,
406 887 527 919 Cluent.
545 890 595 918 56.
614 899 704 929 eques
719 889 888 918 Romanus.

174 933 222 969 Sp.
242 930 365 960 Maecius
383 931 489 968 Tarpa,
506 931 544 961 ad
558 932 629 961 Div.
649 931 728 967 VII,
748 933 776 960 1.
789 930 885 969 judex
901 934 929 959 et
945 937 1014 959 cen-

131 983 179 1003 sor
202 973 386 1003 fabularum.
418 974 496 1012 Ejus
511 975 624 1004 mentio
645 984 694 1014 ap.
712 973 821 1003 Horat.
839 973 902 1002 Sat.
920 971 947 1009 Ι,
969 975 1015 1002 10.

132 1022 162 1046 et
175 1017 242 1046 Art⁴
267 1016 352 1046 Post.
369 1017 441 1051 387.
466 1016 515 1047 De
530 1017 652 1047 familiae
668 1015 788 1046 Maeciae
805 1015 938 1045 claritate
959 1015 1015 1044 sub

132 1059 312 1097 Caesaribus,
330 1069 357 1089 v.
376 1059 512 1089 Perizon.
529 1060 565 1090 de
582 1060 679 1089 Num.
697 1058 822 1089 Consul.
838 1068 868 1098 p.
885 1059 958 1092 277.

187 1102 300 1131 Μιειιέιι
325 1102 469 1131 columna.
503 1104 585 1132 Sext.
603 1104 651 1132 58.
670 1103 726 1131 ἃς.
751 1110 863 1130 nomen
884 1100 975 1130 habet
999 1109 1018 1128 a

131 1143 260 1182 Maenio,
277 1144 341 1184 qui,
357 1155 428 1174 cum
440 1144 517 1174 aedes
533 1156 600 1175 suas
612 1145 643 1174 in
655 1144 720 1174 foro
733 1142 884 1180 venderet,
901 1143 1018 1172 coluni-

133 1197 205 1216 nam
221 1187 349 1228 excepit,
366 1198 404 1218 ex
419 1186 480 1228 quai
494 1187 558 1228 ipse
581 1198 651 1218 cum
677 1187 738 1217 suis
763 1191 894 1226 spectare
917 1190 1017 1226 posset

134 1230 324 1270 gladiatores.

119 1307 121 1309 ¹
178 1273 211 1302 C.
241 1272 378 1311 Μιεηίιις,
405 1283 457 1303 seu
486 1273 660 1310 Memmius,
695 1271 852 1307 Gemellus,
879 1269 918 1300 ad
944 1269 1015 1300 Div.

131 1314 230 1351 XIII,
252 1316 299 1346 19.
316 1315 408 1346 cliens
421 1315 582 1351 Ciceronis,
599 1316 630 1345 in
641 1315 746 1345 exsilio
756 1314 790 1344 fit
802 1313 875 1344 civis
888 1313 1020 1343 Patren—

132 1358 182 1395 sis,
201 1364 229 1388 et
245 1358 367 1398 adoptat
380 1359 534 1398 Lysonem
551 1358 740 1388 Patrensern.

175 1402 317 1437 λίιευιίις,
332 1401 419 1430 Verr.
437 1400 496 1438 IV,
509 1402 559 1435 75.
575 1401 670 1431 scriba
687 1399 799 1430 Verris.

175 1444 220 1472 M
220 1445 277 1479 agi,
294 1443 365 1473 Div.
383 1443 410 1480 Ι,
425 1447 474 1473 23.
487 1454 582 1484 genus
594 1444 763 1483 sapientiai]
775 1448 804 1472 et
819 1440 974 1471 doctorum
985 1440 1017 1470 in

132 1485 240 1515 Persis.
257 1486 297 1515 ib.
325 1487 376 1516 41.
401 1493 621 1526 congregantur
644 1486 675 1515 in
702 1486 772 1515 fano
793 1483 1017 1514 commentandi

129 1526 229 1563 causa,
246 1534 337 1568 atque
359 1529 436 1558 inter
457 1540 487 1559 se
507 1528 706 1569 colloquendi.
732 1528 824 1557 Tusc.
841 1525 868 1562 Ι,
886 1527 936 1555 45.
954 1535 1015 1555 non

128 1570 324 1611 sepeliuntur,
341 1571 398 1601 nisi
414 1582 432 1600 a
446 1572 547 1601 bestiis
561 1571 675 1602 laniati.

179 1612 289 1652 Magia,
301 1623 354 1653 pro
371 1613 492 1644 Cluent.
510 1618 539 1645 Β.
555 1614 617 1643 filia
634 1613 753 1649 Dineae,
771 1611 908 1642 Larinas.

174 1656 311 1694 sslugius,
322 1656 428 1695 Agrar.
446 1656 491 1695 11,
508 1658 559 1687 34.
576 1656 638 1687 Pis.
660 1659 705 1687 ll.
721 1654 830 1686 nobilis
841 1653 1017 1694 Campanus

134 1697 215 1729 beno
231 1697 348 1728 Punico
362 1697 406 1728 ΙΙ.
