1137 1848
286 69 434 101 INDEX
458 67 743 100 HISTORICUS.
901 66 959 97 169

74 153 228 188 Ciceronis
242 155 274 185 in
289 156 377 186 Asia.
411 155 492 186 Add.
509 154 556 194 II,
572 156 602 185 2.
622 154 699 185 forte
721 153 802 184 idem
825 157 869 183 est
890 151 961 188 ΙΙΙ,

115 242 162 271 M.
182 243 304 279 Coesizm,
319 241 408 273 Verr.
425 241 471 279 II,
495 242 546 272 50.
576 246 686 282 praetor
701 250 771 270 cum
795 239 831 269 C.
857 237 962 268 Annio

74 284 244 314 Sacerdote.

115 328 162 357 M.
182 329 305 365 Caesins,
321 327 359 357 ad
375 327 447 357 Div.
466 326 570 364 XIII,
590 329 638 356 11.
655 326 750 356 aedilis
766 324 889 365 Arpini.

118 371 153 401 P.
173 373 292 407 Caesins,
306 371 396 401 Balb.
406 372 457 400 22.
475 380 564 410 eques
577 370 748 402 Romanus,
762 379 780 398 a
793 368 849 398 Cn.
867 367 960 397 Pom-

73 413 140 454 peio
152 420 236 454 patre
246 413 365 443 civitate
381 413 520 449 donatus,
538 412 576 442 ad
593 412 666 442 Div.
684 411 784 448 XIII,
803 414 853 442 51.

118 457 186 486 Ser.
204 458 324 492 Caesius,
339 456 437 486 Flacc.
451 456 501 485 26.
519 465 609 495 eques
622 456 792 485 Romanus.

120 501 289 529 Coesoninus
301 500 477 534 threnLJ’nS,
491 498 570 528 Red.
589 498 620 527 in
636 498 705 528 Sen.
724 498 752 527 6.
769 502 813 527 est
826 495 864 526 L.
879 495 962 532 pist),

74 542 111 579 is,
131 542 184 583 qui
200 552 269 572 cum
290 542 332 571 A.
354 541 486 572 Gabinio
501 541 605 571 consul
620 540 686 570 fuit.
704 541 744 570 V.
761 540 792 569 in
818 540 857 568 L.
885 538 962 567 Piso.

75 585 251 615 Caesoninus
266 594 431 624 cognomen
449 584 596 613 Pisonum
612 583 682 620 fuit,
695 589 765 612 ante
775 592 867 623 quam
885 581 964 610 Fru-

74 628 105 668 gi
118 628 295 658 dicerentur.
313 627 394 657 Add.
406 628 495 657 Prov.
514 625 606 657 Cons.
623 627 651 655 4.
670 626 731 655 Pis.
749 626 778 654 si.
799 625 851 654 ubi
868 624 963 654 MSS.

75 676 104 700 et
119 670 185 700 edd.
202 671 303 711 plures
318 671 431 700 habent
447 670 470 699 C
473 671 602 699 oesonius.
626 668 778 709 Analogia
788 667 911 708 quidem
922 666 964 696 sic

76 713 195 743 videtur
210 713 370 754 postulare.

119 757 166 786 M.
185 755 340 793 Cas-onius,
365 756 396 785 in
413 755 504 785 Verr.
521 754 568 792 II,
588 757 636 785 10.
659 754 753 784 aedilis
779 763 849 784 curn
879 751 966 783 Cice-

79 809 161 829 rone.
187 799 267 828 Add.
286 800 349 828 Att.
369 798 396 835 I,
416 801 442 828 1.
460 797 541 834 XII,
561 801 610 827 ll.

124 843 160 872 C.
180 843 316 879 Crestins,
337 841 438 871 Flace.
461 844 509 871 13.
527 852 617 881 eques
630 841 723 870 Rom.
742 839 806 869 Att.
821 838 864 875 V,
884 841 933 869 13.

120 886 161 915 1,.
181 886 314 921 Ccestius,
333 885 386 913 ΒΥ.
403 885 454 914 34.
471 890 623 914 accusator
643 883 681 913 de
704 882 803 923 plebe,
831 888 966 922 tempore

77 928 100 958 J
103 927 260 967 ugurthini
276 928 357 957 belli.

123 971 302 1005 Caesnleuus,
320 971 373 1000 131.
387 970 439 999 3⁴.
457 976 619 1000 accusator.

124 1014 259 1047 Calamis,
284 1013 338 1043 ΒΓ.
366 1016 411 1043 18.
438 1014 610 1049 statuarius,
631 1012 708 1042 ‹lul-a
732 1011 856 1052 quidem
881 1010 966 1050 signa

79 1056 160 1093 fecit,
177 1056 228 1086 sed
244 1062 344 1085 tamen
367 1056 505 1085 molliora
528 1056 619 1095 signis
635 1055 777 1085 Canachi.
811 1053 841 1082 V
844 1053 883 1082 id.
903 1053 966 1082 Pli-

80 1099 180 1135 nium,
198 1098 312 1128 Histor.
339 1099 480 1128 Natural.
506 1098 668 1135 XXXIV,
698 1101 747 1128 19.
782 1096 965 1134 Quintilian.

79 1141 163 1177 XII,
184 1145 230 1171 10.
256 1141 387 1171 Pausan.
404 1152 433 1182 p.
445 1143 474 1171 9.
493 1144 543 1171 53.
565 1144 633 1170 134.
650 1144 722 1170 443.
734 1140 890 1175 447.479.
907 1139 965 1169 &c.

80 1185 118 1214 ed
134 1184 240 1214 Kuhn.
254 1190 282 1214 et
297 1184 434 1214 laudatos
450 1184 612 1214 Harduino
627 1184 665 1213 ad
680 1184 700 1213 1.
718 1193 742 1213 c.

125 1228 262 1263 Calamus,
285 1227 378 1256 Tusc.
400 1226 445 1264 II,
469 1230 518 1256 ιῙιΙ.
546 1227 653 1264 Indus,
676 1226 730 1256 sua
746 1226 900 1255 voluntate
923 1223 968 1254 vi-

81 1280 137 1300 vus
145 1270 341 1300 comburitur.
362 1269 433 1300 Div.
451 1268 479 1307 I,
499 1272 548 1301 13.
574 1269 750 1300 Alexandro
762 1267 966 1309 propinquam

80 1319 209 1343 mortem
226 1313 414 1342 vaticinatur.

127 1356 294 1391 Calatinns,
307 1355 418 1395 Agrar.
440 1355 486 1394 II,
503 1357 554 1386 24.
573 1362 617 1386 est
633 1354 682 1385 M.
708 1354 836 1384 Attilius
852 1352 966 1383 Calati-

81 1408 150 1435 nus,
163 1398 201 1428 de
216 1408 277 1439 quo
291 1399 323 1427 in
339 1398 474 1429 Αιιίιᾱιις.

128 1442 261 1478 Calchas,
287 1440 343 1471 Or.
372 1444 422 1471 ¹22.
447 1447 529 1472 vates
557 1441 732 1471 Graecorum
756 1439 788 1469 in
812 1438 966 1469 obsidione

82 1484 227 1523 Trojana.
254 1484 328 1513 Nat.
343 1483 384 1513 D.
404 1484 451 1520 II,
465 1486 494 1514 3.
513 1494 620 1522 augur.
640 1483 711 1513 Div.
730 1482 758 1518 I,
775 1483 827 1512 33.
844 1492 881 1511 ex
897 1492 966 1522 pas-

81 1536 181 1557 serum
193 1537 320 1556 numero
334 1527 406 1556 belli
418 1527 544 1566 Trojani
560 1536 653 1556 annos
669 1531 834 1566 auguratus
849 1530 901 1554 est.

127 1571 245 1606 Caldus,
263 1568 329 1598 Inv.
354 1568 400 1606 II,
417 1572 445 1600 9.
471 1580 649 1610 cognomen,
671 1568 753 1609 quod
769 1567 918 1598 temerarii
938 1572 968 1597 et

83 1612 184 1643 callidi
200 1612 314 1641 consilii
329 1612 503 1643 hominibus
519 1613 671 1642 tribuitur.

130 1656 258 1690 Caldus,
279 1655 343 1684 Att.
355 1654 414 1692 VI,
429 1658 458 1685 —.¹.
472 1665 635 1695 cognomen
647 1655 682 1684 C.
695 1653 783 1685 Coelii
800 1652 967 1694 quaestoris.

126 1699 178 1727 M.
198 1699 357 1735 Calenius,
374 1699 440 1729 Att.
457 1698 558 1733 VIII,
578 1699 625 1727 12.
644 1697 857 1737 Pompeianus.

128 1740 169 1771 L.
188 1741 335 1780 Calenus,
352 1741 440 1772 Verr.
460 1740 522 1776 ΙΙΙ,
539 1741 568 1770 3.
585 1740 657 1771 civis
672 1740 765 1771 Rom.

133 1781 284 1825 (clavis.)
722 1790 746 1814 Q,
