1137 1848
305 66 455 102 INDEX
477 70 763 103 HISTORICUS.
915 72 977 102 229

136 155 168 186 (⁷.
186 155 316 193 Fabius,
332 157 371 187 ad
386 156 449 195 Qu.
465 157 517 187 Fr.
535 156 563 194 I,
580 161 609 187 2.
626 161 655 187 2.
675 164 824 198 quantum
837 157 977 197 colligere

90 198 171 236 licet,
196 200 254 229 fuit
274 200 431 240 praefectus
455 207 507 230 aut
530 199 666 230 minister
686 201 811 241 quidam
833 201 873 239 Q.
891 200 978 231 Cice-

90 242 170 272 ronis
185 243 216 272 in
232 243 397 282 provincia·

133 285 182 315 M
207 287 340 322 Faszus
367 286 457 317 Font.
484 287 534 316 12.
560 286 744 327 subscriptor
768 286 816 316 Μ.
842 286 976 316 Plaetorii

89 333 192 359 contra
208 329 258 358 M.
273 329 298 358 F
301 329 445 359 ontemm

133 372 180 401 M.
197 372 315 403 Fabius
335 373 455 409 Gallus
473 371 510 402 ad
530 371 601 402 Div.
619 372 701 409 VII,
724 373 775 402 24.
792 372 974 412 Epicureus,

87 411 201 444 librum
226 415 303 455 scrip
305 415 342 444 sit
366 415 403 446 de
428 415 476 445 Μ.
495 414 621 446 Catone.
649 415 718 445 Att.
735 414 833 453 VIII,
862 415 909 444 12.
937 414 976 444 ad

88 454 161 487 Div.
180 457 226 496 ΙΙ,
247 426 303 488 ΜΡ
312 457 393 495 VII,
411 459 461 488 23.

130 502 178 530 Μ.
195 507 223 531 et
240 501 275 535 Q.
293 501 396 532 Fabzz'.
412 501 450 531 ad
466 501 539 532 Div.
553 501 655 540 XIII,
672 503 724 533 59.
739 501 815 539 XV,
834 501 883 531 14.
910 501 972 531 fra-

86 545 152 573 tres.
170 544 243 574 ibid.
261 544 323 581 IX,
340 545 392 574 26.

130 588 251 617 Fabius
272 587 404 625 Luscus,
427 588 491 618 Att.
509 587 571 625 IV,
588 590 616 619 8.
634 588 752 619 videtur
776 587 975 628 philosophus

87 630 258 671 Epicureus
270 629 379 660 fuisse:
405 636 434 660 et
448 636 553 660 acutus
569 631 678 662 dicitur
697 643 715 661 a
732 629 884 661 Cicerone.

131 673 300 704 Numerius
315 673 435 703 Fabius
454 673 570 711 Pictor,
595 675 630 705 C.
649 674 775 704 Pictoris
790 674 826 703 F.
844 673 916 703 Div.
944 672 972 711 I,

87 719 139 747 21.
156 716 279 746 Graecos
299 717 422 746 annales
445 716 569 756 scripsit.
596 718 692 748 Hunc
707 717 861 747 consulem
886 717 972 746 exhi-

85 760 158 789 bent
174 759 257 788 Fasti
272 759 371 799 Capit.
387 759 429 789 A.
447 760 518 794 487.
533 759 571 789 ad
591 770 682 801 quem
700 760 743 789 A.
771 770 798 789 v.
817 758 974 799 Pighium.

83 801 168 831 Add.
182 802 272 832 Voss.
288 802 309 832 l.
323 812 347 832 c.
364 801 418 842 qui
433 801 531 832 fllium
548 803 623 841 ejus,
641 803 676 832 C.
687 809 838 842 nepotem,
854 802 973 832 mavult

83 844 212 884 intelligi
243 855 292 885 ap.
320 844 507 881 Ciceronem,
535 845 586 874 sed
612 846 675 876 sine
698 850 887 885 argumento.
922 845 973 875 De

83 888 270 927 praenomine
286 888 386 918 Mam.
409 888 440 917 in
457 887 586 917 denariis
601 888 744 928 antiquis,
760 898 788 917 v.
805 887 971 927 Spanhem.

83 929 121 960 de
137 930 179 960 V.
197 936 226 961 et
242 929 293 960 Pr.
311 931 353 960 N.
374 930 416 960 T.
430 928 475 968 ΙΙ,
492 941 522 970 p.
537 931 588 960 26.
612 941 704 972 quem
721 930 873 961 Ciceronis
888 930 973 960 locus

83 972 228 1013 fugiebat.
251 972 335 1003 Add.
353 972 471 1003 Duker.
488 973 526 1002 ad
542 973 611 1003 Liv.
629 973 812 1009 XXXVII,
826 973 876 1007 47.
893 974 970 1003 bene

82 1014 287 1056 disputantem
313 1015 455 1046 adversus
485 1016 708 1056 Spanhemium
732 1016 770 1046 de
795 1016 860 1046 loco
885 1015 971 1045 Livi-

81 1068 148 1088 ano.

125 1101 162 1136 Q.
195 1102 327 1139 Fabius,
354 1101 467 1142 Agrar.
499 1101 544 1139 ΙΙ,
571 1105 622 1131 33.
661 1101 765 1132 consul
796 1102 969 1142 (quartum)

80 1154 151 1175 cum
166 1144 287 1182 Fulvio,
315 1145 427 1185 quibus
447 1155 519 1175 coss.
548 1144 654 1185 Capua
675 1150 761 1185 capta
777 1150 832 1182 est,
847 1144 867 1174 i.
884 1154 909 1174 e.
925 1144 970 1174 A.

79 1187 151 1218 544.
168 1187 210 1217 V.
225 1187 295 1218 infr.
319 1187 355 1221 Q.
370 1188 542 1218 Maoeimus.

123 1231 160 1265 Q.
171 1231 291 1261 Fabius
302 1232 422 1267 Pictor,
436 1230 470 1261 C.
483 1231 518 1260 F.
529 1229 565 1261 C.
578 1230 620 1260 N.
629 1229 798 1265 historicus,
811 1229 968 1260 annalium

79 1273 214 1313 scriptor.
235 1272 291 1303 Or.
310 1272 356 1312 ΙΙ,
383 1276 432 1303 12.
465 1274 539 1304 Div.
557 1274 584 1309 I,
610 1274 660 1302 26.
685 1272 807 1302 vixisse
832 1279 968 1312 tempore

79 1316 151 1347 belli
171 1316 250 1345 Pun.
268 1316 316 1353 II,
334 1326 350 1346 e
366 1316 455 1347 Livio
467 1317 581 1346 clarum
599 1321 652 1351 est,
671 1314 767 1345 XXI.
782 1315 822 1345 V.
840 1315 929 1345 Voss.
944 1315 966 1344 1.

78 1369 104 1390 c.
127 1359 205 1397 Ejus
218 1358 309 1388 fidem
325 1358 357 1388 in
372 1361 461 1389 rebus
474 1360 565 1389 Rom.
576 1368 631 1388 nos
643 1358 784 1389 adversus
800 1357 966 1398 Polybium

78 1401 222 1443 peculiari
238 1401 340 1432 libello
356 1401 556 1432 defendimus.

124 1445 160 1479 Q.
173 1445 304 1480 Fabius,
316 1442 541 1484 Allobrogicus.
556 1446 598 1477 (v.
616 1444 697 1474 Plin.
710 1442 879 1480 XXXIII,
898 1441 964 1482 ll.)

80 1486 135 1518 Or.
156 1487 203 1525 ΙΙ,
217 1487 267 1517 66.
285 1487 316 1517 in
332 1487 422 1523 Verr,
440 1486 468 1523 I,
486 1488 515 1522 7.
532 1488 597 1526 ejus
612 1487 722 1516 fornix.
746 1486 860 1517 Fornix
873 1485 966 1515 Fabi-

79 1539 155 1560 anus
179 1540 257 1570 saepe
281 1535 546 1567 commemoratur,
574 1535 742 1560 exstructus
763 1540 781 1559 a
801 1529 841 1566 Q.
869 1528 966 1558 Fabio

78 1571 221 1602 Maximo
241 1582 372 1610 censore,
390 1573 443 1613 qui
458 1572 562 1602 consul
581 1582 650 1602 cum
670 1572 708 1602 1..
725 1571 851 1612 Opimio
868 1571 907 1601 A.
922 1571 965 1601 U.

77 1615 149 1645 632.
173 1615 356 1655 Allobroges
365 1615 446 1653 vicit,
465 1616 507 1656 (v.
523 1615 605 1644 Plin.
620 1614 702 1651 VII,
719 1613 786 1653 50.)
803 1624 819 1644 e
834 1624 965 1654 quorum

75 1657 227 1688 manubiis
243 1658 342 1688 fornix
358 1664 528 1688 exstructus
543 1663 596 1688 est.
621 1657 692 1687 Vid.
712 1658 819 1688 Ascon.
836 1657 884 1686 ad.
898 1657 921 1687 1.
940 1666 965 1686 c.

76 1699 155 1738 Ejus
166 1700 300 1740 reliquiae
314 1701 414 1731 adhuc
426 1700 574 1731 visuntur.
590 1700 631 1731 V.
647 1700 814 1737 Graevium,
828 1699 867 1729 ad
882 1700 965 1730 Flor.

78 1741 194 1780 111,2.
217 1743 369 1783 Sigonius,
394 1743 432 1774 ad
447 1753 518 1773 ann.
535 1744 608 1782 (332,
635 1743 781 1784 disputat,
806 1723 888 1773 liunc
904 1742 963 1772 Fa-

140 1785 246 1827 (Clav'
236 1796 270 1814 τε.
276 1785 288 1825 )
720 1794 744 1815 x
