1137 1848
290 79 440 113 INDEX
464 80 753 113 HISTORICUS.
905 78 969 108 345

83 165 164 196 bono
192 167 348 197 sententia.
380 167 474 198 Tusc.
503 166 548 202 ΙΙ,
570 168 600 197 6.
626 166 773 198 sententia
796 165 834 196 de
857 165 970 196 dolore.

84 208 155 238 Fin.
173 208 233 247 IV,
254 210 302 240 16.
318 210 423 241 virtus.
446 211 500 241 Ab
516 221 550 241 eo
562 210 634 241 dicti
644 209 817 251 Pyrrhonii.
833 208 889 241 Or.
904 207 969 247 ΙΙΙ,

129 294 278 335 Pyrrhus,
295 295 367 326 Div.
385 295 432 334 ΙΙ,
449 296 500 327 56.
525 296 678 327 AEacides.
702 295 740 326 ad
751 295 823 325 Div.
841 294 902 333 IX,
915 297 968 325 25.

82 337 148 375 ejus
162 338 232 368 libri
243 339 280 368 de
292 349 323 368 re
338 339 471 369 militari.
494 339 619 370 Muren.
636 340 684 369 14.
704 338 741 368 de
754 349 788 368 eo
803 338 972 379 triumphat

85 379 135 409 Μ’
153 379 274 411 Curius.
298 382 387 412 Offic.
406 381 452 419 ΙΙ,
463 383 493 417 7.
510 382 548 412 ad
558 393 628 413 eum
643 381 826 412 Macedones
841 381 972 411 universi

83 433 114 452 se
123 423 292 461 conferunt,
304 424 462 455 Demetrio
474 425 585 455 relicto.
603 425 640 455 ad
650 425 723 454 Div.
737 423 779 461 V,
799 427 844 454 12.
854 424 970 454 bellum

83 465 198 506 Pyrrhi
210 467 326 508 scripsit
341 468 490 498 Timaeus.
515 469 622 498 Parad.
639 471 668 497 6.
692 467 831 497 Fabricio
846 466 971 507 pecuni-

82 518 133 538 am
156 509 267 539 frustra
287 511 382 541 offert.
415 511 518 542 Amic.
536 512 565 541 8.
590 513 628 541 ab
655 521 700 547 eo,
724 516 846 551 propter
870 509 972 550 probi-

81 556 187 589 tatem,
204 562 264 582 non
290 554 379 583 alieni
403 560 474 584 sunt
500 555 592 584 Rom.
614 554 718 584 animi.
753 554 823 583 Sen.
840 556 869 582 6.
886 563 903 582 a
918 552 973 582 foe-

82 593 152 625 dere
178 605 248 625 cum
270 596 389 637 Pyrrho
410 597 556 627 abstrahit
578 597 734 627 Romanos
756 596 881 637 Appius
905 595 974 626 Cae-

83 647 146 667 cus.

126 682 331 720 Pythagoras,
349 682 445 713 Tusc.
462 683 491 721 Ι,
512 686 560 714 16.
585 682 768 723 Pherecydis
791 682 970 722 discipulus.

83 722 140 753 Or.
158 723 204 762 ΙΙ,
221 729 272 754 33.
297 725 390 755 Tusc.
409 726 469 763 IV,
491 729 516 757 l.
541 727 645 766 junior
663 732 706 756 est
723 726 831 756 Numa
847 725 974 765 Pompi-

82 766 133 796 lio.
157 767 226 798 Fin.
243 767 285 805 V,
303 769 353 799 ⁶29.
378 769 471 798 Tusc.
489 769 538 799 IV
541 791 550 805 ,
575 770 624 800 19.
641 770 692 798 ⁶25.
716 769 890 809 AEgyptum
905 778 975 809 per-

83 810 209 850 agravit,
235 817 264 840 et
290 810 399 851 Magos
426 811 584 842 Persarum
605 811 688 842 adiit.
723 811 816 841 Acad.
841 809 901 848 IV,
921 811 973 846 37.

83 862 122 882 ex
137 853 271 883 numeris
284 860 313 883 et
324 854 608 885 mathematicorum
624 854 718 884 initiis
728 854 831 884 onmia
846 864 907 884 esse
916 864 975 894 pu-

84 900 138 925 tat.
163 896 237 926 Nat.
255 895 298 926 D.
317 897 344 934 Ι,
371 900 418 927 ll.
445 897 551 928 Deum
571 907 633 928 esse
649 897 787 927 animum
810 907 863 937 per
883 906 975 926 mun-

84 937 161 968 dum
176 945 394 978 permeantem‚
410 941 536 981 ejusque
546 940 707 982 particulas
719 939 835 970 animos
851 945 976 970 nostros.

84 980 158 1011 ibid.
176 980 240 1019 ΙΙΙ,
264 985 311 1012 11.
337 982 375 1012 ad
394 983 584 1013 harmoniam
611 993 716 1013 canere
739 982 891 1013 mundum
916 988 976 1012 sta-

85 1023 152 1053 tuit.
180 1024 287 1055 Divin.
306 1025 330 1061 I,
342 1026 371 1055 3.
388 1036 532 1067 magnam
549 1026 758 1056 auctoritatem
775 1025 882 1055 tribuit
899 1025 977 1055 divi-

86 1067 211 1097 nationi.
239 1067 329 1099 Offic.
347 1067 374 1105 Ι,
395 1069 443 1104 17.
469 1069 616 1099 ultimum
631 1069 662 1098 in
679 1068 812 1099 amicitia
827 1074 926 1109 putat,
943 1074 979 1098 ut

85 1109 137 1139 fiat
159 1121 239 1141 unus
255 1121 270 1141 e
285 1112 433 1152 pluribus.
456 1112 549 1142 Tusc.
567 1112 594 1149 Ι,
610 1114 659 1141 25.
677 1122 806 1141 summae
821 1110 976 1151 sapientiae

83 1152 177 1182 credit
192 1153 295 1191 fuisse,
313 1154 468 1194 imponere
484 1156 573 1185 rebus
593 1154 728 1185 nomina.
761 1154 850 1184 Offic.
869 1154 898 1191 Ι,
919 1155 971 1183 30.

83 1195 147 1226 sine
169 1196 234 1226 ulla
256 1197 405 1227 hilaritate
426 1208 578 1227 summam
595 1197 804 1227 auctoritatem
821 1196 978 1237 consequi-

82 1243 143 1268 tur.
166 1239 259 1269 Tusc.
276 1240 319 1277 V,
336 1240 365 1269 3.
380 1250 450 1270 cum
469 1240 585 1270 Leonte
606 1240 643 1270 de
658 1239 851 1280 philosophia
867 1249 975 1269 sermo.

83 1280 158 1311 Nat.
183 1281 225 1311 D.
243 1282 311 1319 ΙΙΙ,
328 1286 379 1312 36.
408 1283 508 1313 Musis
523 1284 632 1313 bovem
655 1283 836 1319 immolavit,
853 1281 977 1312 invento

83 1323 268 1355 theoremate
280 1325 317 1355 de
332 1325 446 1355 ratione
460 1326 601 1366 quadrati
616 1327 766 1355 subtensae
776 1325 807 1354 in
825 1324 979 1365 triangulo

84 1368 260 1407 rectangulo
287 1368 324 1397 ad
351 1369 500 1408 quadrata
529 1369 716 1409 reliquorum
746 1368 888 1397 laterum.
929 1367 979 1398 Sic

85 1410 176 1439 etiam
193 1410 284 1440 tradit
299 1410 420 1441 Vitruv.
439 1411 501 1447 IX,
525 1414 554 1440 2.
581 1411 633 1440 alii
657 1416 759 1440 autem
780 1411 979 1441 hecatomben

86 1452 277 1482 immolatam
295 1453 409 1483 dicunt.
433 1464 460 1483 v.
479 1464 504 1484 c.
526 1454 629 1484 La'e'rt.
648 1452 747 1490 VIII,
775 1456 821 1482 12.
845 1453 885 1483 V.
904 1452 980 1482 Intr.

86 1495 125 1525 ad
139 1496 240 1525 Laert.
257 1502 287 1525 et
303 1496 412 1526 Davis.
424 1496 463 1526 ad
472 1497 502 1526 h.
515 1497 536 1526 1.
549 1497 617 1526 Fin.
632 1496 673 1533 V,
684 1498 715 1527 2.
729 1496 903 1537 Metaponti
914 1505 981 1526 mo-

86 1538 171 1575 ritur,
188 1539 246 1569 &c.
260 1538 353 1569 Tusc.
374 1538 434 1577 IV,
456 1542 481 1569 l.
502 1540 567 1579 ejus
582 1539 780 1580 philosophiae
792 1540 900 1570 Romae
916 1549 983 1570 ves-

89 1587 173 1621 ugia.

135 1626 334 1664 Pythagorei,
351 1624 424 1655 Div.
441 1624 469 1661 Ι,
487 1626 538 1655 30.
561 1635 655 1666 quare
669 1625 747 1655 fabis
772 1624 981 1655 abstinuerint.

90 1666 185 1698 Tusc.
202 1668 230 1705 Ι,
251 1670 299 1698 16.
318 1668 536 1698 sententiarum
553 1678 676 1698 suarum
692 1668 838 1697 rationem
860 1667 985 1697 reddere

89 1719 150 1740 non
166 1711 282 1747 solent;
306 1712 344 1740 ab
373 1711 409 1740 iis
434 1711 522 1741 Plato
546 1711 725 1741 sententiam
750 1711 788 1740 de
808 1710 981 1740 animorum

86 1752 315 1784 immortalitate
326 1753 520 1796 hausit-ibid.
533 1753 594 1792 IV,
609 1758 639 1784 2.
652 1754 696 1792 V,
705 1755 757 1785 39.
769 1753 880 1784 fidibus
890 1758 984 1783 utun-
