1137 1848
367 58 514 89 INDEX
539 57 711 89 LEGUM.
941 59 977 87 11

99 145 137 176 ad
155 144 223 176 XII
245 144 343 175 Tabb.
361 151 390 175 et
403 149 580 184 surreptum
595 143 685 173 latius
708 152 772 173 esse
793 141 983 182 refurtz'vt‘i,

98 189 147 219 cui
156 190 221 228 jam
230 188 262 217 in
269 188 339 218 XII
347 188 447 218 Tabb.
459 194 570 217 aeterna
579 186 739 216 auctoritas
751 185 903 215 tribuitur.
915 187 982 216 Tu-

98 230 133 261 lit
145 232 284 261 tribunus
297 230 422 271 quidam
435 231 572 260 Atinius.
596 229 673 268 Ejus
688 229 720 258 in
737 228 983 262 Institutionibus

99 280 128 304 et
151 273 294 304 Pandect.
319 273 477 313 aliquoties
495 273 529 302 fit
554 271 677 302 mentio.
710 271 774 301 Vid
795 271 983 301 Menardum

98 316 137 346 ad
154 315 248 347 Cicer.
262 316 281 345 1.
299 326 322 346 c.
348 316 484 354 Quaestio
499 315 558 345 fuit
573 315 650 345 inter
664 315 685 344 J
690 314 761 344 Ctos
777 320 899 349 veteres,
913 325 986 344 auc-

97 365 160 390 tore
175 360 215 397 Q.
232 358 376 396 Scaevolii,
392 364 497 388 utrum
516 369 550 388 ea
565 358 614 388 lex
630 358 661 386 in
677 357 863 397 praeteritum
879 357 982 393 etiam,

97 412 135 432 an
156 403 187 431 111
202 401 341 431 futurum
358 407 488 437 tantum,
512 401 630 430 valeret.
655 400 727 431 vid.
751 400 899 435 Gellium,
920 400 940 429 1.
958 410 983 430 c.

98 444 298 479 Balduinum,
314 444 447 485 Jurispr.
466 443 604 474 Mucian.
621 453 651 483 p.
669 444 743 479 281,
758 444 829 472 282.
855 443 983 473 Menar-

97 487 171 517 dum
187 487 207 516 1.
225 497 249 517 c.
275 486 380 518 Cicero
396 486 519 527 quidem
532 487 651 522 diserte,
668 486 732 516 loco
747 485 848 521 citato,
860 496 926 515 earn
937 486 985 515 his

97 530 215 570 legibus
238 536 429 565 annumerat,
452 541 520 570 quae
541 530 572 559 in
593 535 747 569 posterum
771 534 919 563 statuunt,
947 539 985 558 ex

98 572 194 614 iisque
215 573 321 603 docere
343 573 476 613 suscipit,
500 582 560 602 non
581 582 667 613 posse
682 582 700 601 a
715 577 842 612 praetore
862 571 937 602 edici
952 572 984 601 in

98 616 294 656 praeteritum.

143 660 224 689 Auli
239 659 317 695 Lex,
333 658 371 688 ad
386 659 453 688 Att.
467 658 498 687 V
502 658 529 695 1,
546 659 576 687 2.
600 657 664 687 Vid
684 657 828 688 Gabinia.

142 703 271 732 Aurelia
295 708 338 732 est
351 701 508 740 judiciaria
532 701 569 730 L.
588 701 716 731 411νείἰί
734 703 833 731 Cotta.
857 701 950 737 Cum,
967 711 986 731 a

99 745 205 786 primis
217 745 402 785 temporibus
409 744 604 783 judiciorum,
616 754 651 773 ea
663 754 753 784 penes
763 750 901 774 senatum
912 743 988 773 fuis-

100 794 176 825 sent,
204 788 239 818 C.
266 787 420 817 Gracchus
446 787 502 828 (V.
528 789 710 826 Sempronza
738 785 798 825 lew)
831 787 912 823 tulit,
939 792 986 823 ut,

99 837 220 871 propter
236 830 392 860 avaritiam
405 836 587 867 senatorum,
604 830 643 859 ad
659 830 774 870 equites
790 829 989 859 transferren-

99 880 157 904 tur.
182 873 226 903 Hi
241 873 284 903 ita
294 883 393 903 severe
405 872 591 911 judicabant,
606 878 651 907 ut,
662 872 727 912 ipso
743 872 886 902 Cicerone
901 878 986 909 teste,

99 916 144 950 (in
161 916 288 946 Verrem
313 914 340 951 I,
358 925 381 945 c.
403 914 458 953 13)
483 925 642 955 nunquam
665 925 755 956 eques
779 915 810 944 in
834 915 987 954 judicium

98 965 151 989 aut
170 958 371 999 suspicionem
387 963 482 998 captae
493 958 628 998 pecuniae
639 963 761 998 propter
770 968 834 988 rem
847 957 988 996 judican-

98 1002 169 1032 dam
182 1007 303 1032 vocatus
318 1001 365 1030 sit.
393 1001 452 1030 Sed
468 1006 552 1030 erant
568 1006 669 1030 tamen
681 1000 845 1040 iniquiores
860 1000 989 1037 senatui,

99 1050 129 1074 et
143 1054 208 1075 reos
217 1050 367 1074 senatores
379 1043 470 1073 nimis
480 1043 588 1083 cupide
603 1042 864 1078 condemnabant·
882 1043 912 1072 in
927 1043 990 1083 pri-

100 1087 169 1124 mis,
187 1087 211 1117 si
227 1097 319 1128 quem
339 1087 504 1121 constabat,
521 1092 574 1116 aut
595 1085 627 1115 in
644 1092 761 1121 senatu,
777 1091 830 1115 aut
845 1085 876 1115 in
892 1085 990 1125 magi-

100 1135 196 1160 stratu
207 1128 394 1170 provinciali,
411 1128 580 1168 publicanis
595 1128 826 1169 impudentibus
841 1138 901 1158 non
918 1128 991 1158 satis

100 1172 268 1202 indulsisse.
290 1172 412 1212 Itaque,
426 1182 496 1201 curn
511 1171 623 1201 frustra
632 1171 698 1211 lege
711 1170 804 1202 Livit'z
818 1177 847 1201 et
858 1170 991 1202 Plautini

100 1215 198 1245 latum
208 1220 294 1251 esset,
302 1221 337 1245 ut
346 1213 498 1255 equitibus
509 1220 538 1244 et
551 1214 736 1244 senatoribus
745 1220 841 1244 essent
854 1224 993 1244 commu-

99 1258 152 1288 nia
162 1258 296 1297 judicia;
320 1257 355 1288 C.
374 1257 459 1287 Sulla
469 1257 591 1287 tandem
601 1256 730 1286 restituit
745 1258 932 1287 senatoribus
941 1258 993 1296 ju-

101 1301 186 1330 dicia.
201 1301 260 1331 Sed
272 1310 310 1330 ne
319 1306 386 1331 tum
399 1300 523 1340 quidem
536 1303 584 1333 (ut
594 1310 609 1330 e
617 1299 772 1337 Cicerone,
784 1300 814 1329 in
824 1300 992 1340 primisque

102 1343 249 1380 verrinis,
269 1343 398 1383 intelligi
424 1349 535 1383 potest)
557 1349 636 1373 recte
654 1342 839 1382 judicabant.
872 1342 990 1383 Itaque,

102 1396 173 1416 curn
179 1386 231 1416 diu
238 1387 324 1427 plebs
335 1386 372 1416 de
379 1386 501 1425 judiciis
511 1392 586 1416 esset
595 1392 774 1426 conquesta;
785 1391 815 1416 et
826 1385 991 1416 verendum

102 1435 188 1467 esset,
204 1439 242 1459 ne
254 1429 410 1459 seditiosus
421 1429 609 1469 trib-aliquis
621 1428 690 1458 inde
700 1428 853 1459 seditionis
868 1438 993 1458 moven-

103 1472 150 1502 dae
179 1472 363 1502 occasionem
386 1472 550 1512 arriperet;
574 1472 673 1511 legem
694 1471 887 1510 judiciariam
918 1471 989 1501 tulit

104 1513 206 1552 Cotta,
222 1521 342 1556 praetor,
358 1515 505 1555 Pompeio
517 1520 546 1545 et
559 1514 668 1545 Crasso
684 1514 719 1544 ΙΙ
737 1524 808 1544 coss.
823 1515 854 1544 in
865 1512 991 1554 qufihoc

104 1562 339 1598 temperamento
355 1568 427 1588 usus
443 1563 497 1595 est,
517 1563 552 1588 ut
566 1557 708 1587 omnibus
730 1557 886 1587 ordinibus
907 1556 993 1586 satis-

103 1599 223 1638 faceret,
239 1600 321 1641 quod
333 1600 410 1630 nulli
423 1600 580 1640 judicandi
591 1606 721 1641 potestas
733 1600 904 1641 eriperetur.
930 1598 994 1628 Ita-

103 1652 165 1683 que
187 1653 225 1673 ex
239 1643 293 1674 illa
316 1643 382 1684 lege
405 1642 579 1682 judicarunt
600 1649 763 1678 senatores,
784 1644 911 1683 equites,
934 1647 962 1672 et
978 1651 996 1671 e

105 1686 193 1725 plebe
214 1687 332 1718 tribuni
350 1688 468 1718 cerarii.
492 1687 588 1725 Nam,
604 1686 687 1727 quod
707 1686 854 1723 Velleius,
872 1685 920 1723 ΙΙ,
937 1685 991 1721 32,
