1122 1868
125 68 145 97 6
393 65 545 96 INDEX
570 65 743 96 LEGUM.

131 153 167 183 εἲι
182 153 259 193 lege,
277 151 359 188 dicit,
372 151 564 182 severissimis
579 150 731 189 judicibus
745 160 836 180 usum
852 150 1017 191 populum,

131 196 291 235 ipsamque
315 195 411 234 legem
440 195 654 224 severissimam
684 193 816 233 appellat
848 193 1015 229 Asconius3

133 238 193 268 fuit
209 248 320 274 severa,
337 237 458 277 quando
473 236 659 267 severitatem
675 237 849 274 Calymrm'oe
866 241 895 266 et
909 237 1018 266 Junioe

136 281 231 311 auxit.
258 280 327 316 Sed,
344 280 425 320 quod
446 280 524 309 hanc
540 279 686 308 rationem
708 278 792 308 addit
807 278 968 313 Asconius,
983 283 1018 308 ut

136 322 198 363 quii
211 334 250 353 ‘ne
260 323 528 361 comperendinari
542 323 665 361 quidem
676 323 776 351 liceret
791 332 880 351 reum
892 333 903 356 ‚·
920 331 1020 351 nonne

136 366 235 407 potuit
257 366 387 396 accidere
413 365 557 401 Asconio,
584 364 665 404 quod
688 364 793 394 multis
815 363 1018 404 grammaticis

136 409 275 439 accidisse
290 408 367 438 docti
384 408 493 443 sciunt,
511 413 601 447 atque
616 407 706 436 etiam
726 407 865 443 Asconio,
884 407 926 447 (v.
942 407 1019 445 leges

137 454 284 488 Sacrata)
322 457 368 487 ut,
402 450 433 480 in
463 450 628 479 rationibus
655 449 824 487 reddendis,
855 449 1019 489 aliquando

137 496 286 525 aberraret
301 505 318 523 a
335 493 426 523 vero?
450 498 478 522 et
494 502 655 532 aequumne
671 498 726 529 est,
742 498 862 532 propter
877 492 955 521 hanc
970 501 1022 521 ex-

138 538 331 578 plicationem
348 536 481 571 Asconii,
495 535 557 564 vim
573 535 668 564 facere
683 534 799 574 legibus
814 534 1023 574 grammatices

139 580 171 610 in
196 579 374 620 explicando
396 579 461 608 loco
477 577 696 608 Ciceroniano?
720 587 811 617 quem
835 577 947 613 locum,
964 576 1023 607 nisi

140 624 278 653 tenebras
301 621 469 651 offunderet
493 621 576 650 locus
591 619 727 657 Asconii,
744 629 848 649 omnes
871 620 913 650 ita
932 620 1024 650 inter-

139 670 339 706 pretarentur,
355 669 401 700 ut,
418 663 510 693 semel
524 662 613 692 causa
623 662 713 699 dicta,
726 662 914 702 pronuntiari
926 673 1023 703 posse,

139 708 244 738 mitius
260 707 298 737 sit
312 706 587 747 comperendinatu,
601 710 691 745 atque
706 705 780 734 adeo
795 710 829 734 ut
841 705 906 745 ipsa
921 706 1026 736 Acilia

141 751 244 780 mitior
259 750 306 787 sit,
324 760 416 790 quam
435 749 585 783 Servilia,·
609 747 731 788 quando
751 747 782 776 in
803 748 944 778 omnibus
962 749 1028 779 aliis

141 793 259 833 legibus
275 791 547 832 comperendinatio
569 791 668 829 majus
683 799 733 819 reo
748 790 916 830 periculum
937 797 1026 821 creat.

142 836 258 872 Cicero,
275 841 310 865 ut
324 835 380 865 hoc
395 834 485 864 etiam
501 833 623 869 addam,
642 842 703 862 non
718 832 800 870 dicit,
817 839 950 874 ereptum
967 844 1028 865 esse

142 879 208 918 lege
235 876 337 908 Acilia
363 878 681 917 comperendinatum,
704 885 739 905 ac
764 877 938 913 necessario,
964 877 1028 916 pri-

142 931 231 952 mum
255 920 345 952 causa
369 920 459 957 dicta,
475 919 705 960 pronuntiatum
728 928 800 955 esse,
826 928 886 948 non
910 919 1028 950 licuisse

144 964 307 1005 ampliare3
325 963 387 998 sed,
404 963 539 1004 primum
551 961 640 992 causa
654 959 745 996 dicta,
761 962 884 991 licuisse
894 971 1028 1002 pronun.

144 1007 228 1038 tiare.
252 1006 345 1044 Quod
369 1006 393 1036 si
417 1012 484 1046 post
500 1005 657 1035 Serviliam
674 1003 780 1033 Acilia
805 1004 866 1034 lata
891 1010 976 1041 esset,
1000 1011 1031 1035 et

145 1050 309 1080 severitatis
333 1048 421 1079 causa
443 1047 723 1088 comperendinatus
743 1046 880 1076 ademtus
900 1047 968 1083 reis,
984 1047 1030 1076 di-

145 1092 276 1123 cendum
302 1092 406 1122 fuisset
431 1090 604 1127 necessario,
621 1089 773 1128 oportebat
799 1089 932 1129 primum
948 1089 1029 1120 dicta

145 1135 236 1165 causa
255 1134 452 1175 pronuntiari.
475 1134 639 1169 Caeterum,
658 1132 825 1170 juventutis
840 1131 938 1168 causa,
954 1132 1031 1162 illud

146 1177 334 1208 monendum
350 1177 440 1207 etiam
463 1182 518 1213 est,
535 1175 616 1216 quod
637 1174 669 1204 in
685 1174 798 1204 Lexico
814 1174 905 1204 Fabri
921 1174 1030 1205 dicitur

148 1221 199 1250 lex
216 1221 320 1250 Acilia
336 1230 399 1250 esse
414 1219 530 1257 eadem,
547 1228 616 1259 quae
631 1217 788 1257 Aquz'llia,
804 1216 855 1250 (de
870 1217 931 1258 qua
946 1217 1028 1257 apud

149 1263 213 1293 Cic.
230 1263 267 1293 de
286 1262 348 1293 Off.
367 1262 433 1297 ΙΙΙ,
453 1261 506 1301 14)
531 1261 563 1291 id
584 1260 696 1291 falsum
719 1269 792 1296 esse,
816 1268 914 1301 neque
929 1260 1030 1290 Acilii

146 1305 250 1341 iidem,
264 1306 316 1346 qui
329 1305 474 1344 Aquillii.

190 1350 294 1379 Acilia
313 1349 495 1388 Calpurnia.
516 1347 588 1377 vid.
609 1346 781 1386 Calpurnia
798 1345 915 1376 Acilia.

194 1393 298 1422 Acilia
314 1393 425 1426 Didia,
449 1401 504 1431 pro
524 1391 607 1421 Sext.
631 1400 657 1420 c.
678 1390 730 1419 (54.
762 1388 933 1429 Nunquam
958 1398 1029 1419 cum

148 1434 243 1465 Didio
259 1435 376 1465 Acilius
391 1434 496 1464 consul
510 1433 579 1469 suit,
596 1432 647 1463 sed
658 1431 805 1462 Caeciljus.
830 1431 939 1471 Itaque
953 1431 1032 1462 docti

148 1478 205 1508 viri
220 1478 263 1508 ibi
274 1477 436 1517 legendum
447 1482 523 1506 recte
533 1480 663 1513 censent,
676 1475 801 1504 Caecz'lz'a
810 1474 922 1503 Didia.
945 1474 1030 1504 Nam

147 1521 229 1560 leges
244 1521 341 1555 AEHa,
359 1521 473 1553 ιῙῑιηία,
498 1519 635 1553 Licinia,
660 1518 794 1551 Caecz'lz'a,
818 1517 930 1553 Didia,
946 1516 1032 1547 fuere

149 1564 187 1594 de
211 1563 338 1593 comitiis
357 1562 513 1598 habendis,
534 1566 564 1591 et
584 1561 688 1601 legum
713 1558 903 1589 ferendarum
927 1559 1029 1589 modo.

150 1606 261 1646 Itaque
276 1615 354 1645 saepe
369 1604 451 1645 apud
466 1604 641 1634 Ciceronem
657 1604 838 1642 junguntur.
871 1601 943 1631 Vid.
960 1612 988 1631 v.
1005 1611 1030 1631 c.

148 1648 187 1679 ad
203 1649 271 1678 Att.
288 1648 335 1684 ΙΙ,
349 1649 368 1677 9
381 1658 388 1676 :
407 1652 436 1677 et
451 1646 491 1676 sic
503 1646 559 1676 hoc
569 1646 634 1676 loco
642 1646 815 1685 junguntur
826 1644 955 1680 Cffcilia,
966 1645 1032 1674 Di-

149 1693 214 1725 dia,
233 1691 363 1725 Licinia,
379 1690 491 1720 Jvm'a.

189 1735 317 1765 :Ebueia
334 1733 395 1763 lata
410 1738 453 1762 est
465 1733 502 1762 ab
519 1731 657 1769 AEbutio,
674 1730 823 1760 incertum
839 1739 910 1770 quo,
922 1735 951 1760 et
969 1739 1031 1770 quo
