<?xml version="1.0" encoding="UTF-8"?>
<!DOCTYPE html PUBLIC "-//W3C//DTD XHTML 1.0 Transitional//EN"
    "http://www.w3.org/TR/xhtml1/DTD/xhtml1-transitional.dtd">
<html xmlns="http://www.w3.org/1999/xhtml" xml:lang="en" lang="en">
 <head>
  <title>
</title>
<meta http-equiv="Content-Type" content="text/html;charset=utf-8" />
  <meta name='ocr-system' content='tesseract 3.04.00' />
  <meta name='ocr-capabilities' content='ocr_page ocr_carea ocr_par ocr_line ocrx_word'/>
</head>
<body>
  <div class='ocr_page' id='page_1' title='image "./operaern12ciceuoft_0042.png"; bbox 0 0 1122 1868; ppageno 0'>
   <div class='ocr_carea' id='block_1_1' title="bbox 161 68 774 101">
    <p class='ocr_par' dir='ltr' id='par_1_1' title="bbox 161 68 774 101">
     <span class='ocr_line' id='line_1_1' title="bbox 161 68 774 101; baseline -0.003 0"><span class='ocrx_word' id='word_1_1' title='bbox 161 71 203 101; x_wconf 79' lang='lat'><strong>30</strong></span> <span class='ocrx_word' id='word_1_2' title='bbox 432 69 580 100; x_wconf 91' lang='lat' dir='ltr'>INDEX</span> <span class='ocrx_word' id='word_1_3' title='bbox 605 68 774 100; x_wconf 85' lang='lat' dir='ltr'><strong>LEGUM.</strong></span> 
     </span>
    </p>
   </div>
   <div class='ocr_carea' id='block_1_2' title="bbox 151 154 1044 1777">
    <p class='ocr_par' dir='ltr' id='par_1_2' title="bbox 162 154 1042 238">
     <span class='ocr_line' id='line_1_2' title="bbox 162 154 1042 196; baseline -0.001 -11"><span class='ocrx_word' id='word_1_4' title='bbox 162 154 225 196; x_wconf 64' lang='lat' dir='ltr'><strong>qu⁸a</strong></span> <span class='ocrx_word' id='word_1_5' title='bbox 245 155 391 185; x_wconf 86' lang='lat' dir='ltr'><strong>sancitum</strong></span> <span class='ocrx_word' id='word_1_6' title='bbox 413 160 468 193; x_wconf 82' lang='lat' dir='ltr'><strong>est,</strong></span> <span class='ocrx_word' id='word_1_7' title='bbox 487 166 525 186; x_wconf 87' lang='lat' dir='ltr'><strong>ne</strong></span> <span class='ocrx_word' id='word_1_8' title='bbox 550 155 618 196; x_wconf 89' lang='lat' dir='ltr'><strong>quis</strong></span> <span class='ocrx_word' id='word_1_9' title='bbox 639 155 855 196; x_wconf 83' lang='lat' dir='ltr'><strong>Pompeianus,</strong></span> <span class='ocrx_word' id='word_1_10' title='bbox 876 154 930 195; x_wconf 89' lang='lat' dir='ltr'><strong>qui</strong></span> <span class='ocrx_word' id='word_1_11' title='bbox 950 154 1042 192; x_wconf 77' lang='lat' dir='ltr'><strong>vivat,</strong></span> 
     </span>
     <span class='ocr_line' id='line_1_3' title="bbox 164 198 756 238; baseline -0.002 -10"><span class='ocrx_word' id='word_1_12' title='bbox 164 204 264 228; x_wconf 78' lang='lat' dir='ltr'><strong>teneat</strong></span> <span class='ocrx_word' id='word_1_13' title='bbox 278 198 465 238; x_wconf 76' lang='lat' dir='ltr'><strong>dignitatem.</strong></span> <span class='ocrx_word' id='word_1_14' title='bbox 492 198 573 228; x_wconf 85' lang='lat' dir='ltr'><strong>Phil.</strong></span> <span class='ocrx_word' id='word_1_15' title='bbox 590 199 688 233; x_wconf 85' lang='lat' dir='ltr'>XIII,</span> <span class='ocrx_word' id='word_1_16' title='bbox 710 200 756 228; x_wconf 72' lang='lat'><strong>16.</strong></span> 
     </span>
    </p>

    <p class='ocr_par' dir='ltr' id='par_1_3' title="bbox 213 241 829 271">
     <span class='ocr_line' id='line_1_4' title="bbox 213 241 829 271; baseline -0.002 0"><span class='ocrx_word' id='word_1_17' title='bbox 213 242 381 271; x_wconf 68' lang='lat' dir='ltr'><strong>Hostiliam</strong></span> <span class='ocrx_word' id='word_1_18' title='bbox 397 241 538 270; x_wconf 76' lang='lat' dir='ltr'><em>Actiones.</em></span> <span class='ocrx_word' id='word_1_19' title='bbox 564 241 603 271; x_wconf 91' lang='lat' dir='ltr'><strong>V.</strong></span> <span class='ocrx_word' id='word_1_20' title='bbox 627 241 695 271; x_wconf 87' lang='lat' dir='ltr'><strong>Ind.</strong></span> <span class='ocrx_word' id='word_1_21' title='bbox 714 241 829 271; x_wconf 83' lang='lat' dir='ltr'><strong>Histor.</strong></span> 
     </span>
    </p>

    <p class='ocr_par' dir='ltr' id='par_1_4' title="bbox 162 283 1043 491">
     <span class='ocr_line' id='line_1_5' title="bbox 206 283 1042 325; baseline 0.004 -14"><span class='ocrx_word' id='word_1_22' title='bbox 206 283 378 313; x_wconf 68' lang='lat' dir='ltr'><strong>Jndiciarioe</strong></span> <span class='ocrx_word' id='word_1_23' title='bbox 393 289 474 320; x_wconf 69' lang='lat' dir='ltr'><strong>sunt.</strong></span> <span class='ocrx_word' id='word_1_24' title='bbox 495 284 605 324; x_wconf 84' lang='lat' dir='ltr'><strong>quibus</strong></span> <span class='ocrx_word' id='word_1_25' title='bbox 623 284 824 320; x_wconf 70' lang='lat' dir='ltr'>constituitur,</span> <span class='ocrx_word' id='word_1_26' title='bbox 844 293 935 324; x_wconf 90' lang='lat' dir='ltr'><strong>penes</strong></span> <span class='ocrx_word' id='word_1_27' title='bbox 951 294 1042 325; x_wconf 88' lang='lat' dir='ltr'><strong>quem</strong></span> 
     </span>
     <span class='ocr_line' id='line_1_6' title="bbox 163 326 1042 365; baseline -0.001 -10"><span class='ocrx_word' id='word_1_28' title='bbox 163 326 301 356; x_wconf 84' lang='lat' dir='ltr'><strong>ordinem</strong></span> <span class='ocrx_word' id='word_1_29' title='bbox 322 326 435 365; x_wconf 82' lang='lat' dir='ltr'><strong>judicia</strong></span> <span class='ocrx_word' id='word_1_30' title='bbox 458 326 529 362; x_wconf 70' lang='lat' dir='ltr'><strong>sint,</strong></span> <span class='ocrx_word' id='word_1_31' title='bbox 557 328 732 363; x_wconf 62' lang='lat' dir='ltr'><strong>Sempronia,</strong></span> <span class='ocrx_word' id='word_1_32' title='bbox 760 326 864 362; x_wconf 68' lang='lat' dir='ltr'><strong>Plotia,</strong></span> <span class='ocrx_word' id='word_1_33' title='bbox 895 327 1042 364; x_wconf 74' lang='lat' dir='ltr'><strong>Cornelia,</strong></span> 
     </span>
     <span class='ocr_line' id='line_1_7' title="bbox 166 368 1041 409; baseline 0.002 -12"><span class='ocrx_word' id='word_1_34' title='bbox 166 370 302 406; x_wconf 71' lang='lat' dir='ltr'><strong>Aurelia,</strong></span> <span class='ocrx_word' id='word_1_35' title='bbox 331 369 487 407; x_wconf 76' lang='lat' dir='ltr'><strong>I’ompeia,·</strong></span> <span class='ocrx_word' id='word_1_36' title='bbox 513 369 549 398; x_wconf 87' lang='lat' dir='ltr'><strong>de</strong></span> <span class='ocrx_word' id='word_1_37' title='bbox 569 369 680 409; x_wconf 88' lang='lat' dir='ltr'><strong>quibus</strong></span> <span class='ocrx_word' id='word_1_38' title='bbox 701 369 761 399; x_wconf 86' lang='lat' dir='ltr'><strong>suis</strong></span> <span class='ocrx_word' id='word_1_39' title='bbox 781 369 861 399; x_wconf 88' lang='lat' dir='ltr'><strong>locis.</strong></span> <span class='ocrx_word' id='word_1_40' title='bbox 886 368 923 398; x_wconf 89' lang='lat' dir='ltr'><strong>In</strong></span> <span class='ocrx_word' id='word_1_41' title='bbox 941 369 1041 400; x_wconf 86' lang='lat' dir='ltr'><strong>Pison.</strong></span> 
     </span>
     <span class='ocr_line' id='line_1_8' title="bbox 164 411 1043 454; baseline 0.002 -14"><span class='ocrx_word' id='word_1_42' title='bbox 164 412 217 442; x_wconf 78' lang='lat'><strong>39.</strong></span> <span class='ocrx_word' id='word_1_43' title='bbox 241 411 321 441; x_wconf 89' lang='lat' dir='ltr'><strong>Vide</strong></span> <span class='ocrx_word' id='word_1_44' title='bbox 340 411 490 451; x_wconf 83' lang='lat' dir='ltr'><strong>imprimis</strong></span> <span class='ocrx_word' id='word_1_45' title='bbox 512 412 632 441; x_wconf 76' lang='lat' dir='ltr'><strong>Aurelia</strong></span> <span class='ocrx_word' id='word_1_46' title='bbox 654 413 710 442; x_wconf 66' lang='lat' dir='ltr'><strong>[er.</strong></span> <span class='ocrx_word' id='word_1_47' title='bbox 733 412 835 453; x_wconf 86' lang='lat' dir='ltr'><strong>Sigon.</strong></span> <span class='ocrx_word' id='word_1_48' title='bbox 858 411 896 442; x_wconf 86' lang='lat' dir='ltr'><strong>de</strong></span> <span class='ocrx_word' id='word_1_49' title='bbox 915 412 1043 454; x_wconf 90' lang='lat' dir='ltr'><strong>Antiqu.</strong></span> 
     </span>
     <span class='ocr_line' id='line_1_9' title="bbox 162 454 477 491; baseline -0.006 -7"><span class='ocrx_word' id='word_1_50' title='bbox 162 454 233 484; x_wconf 81' lang='lat' dir='ltr'><strong>Jur.</strong></span> <span class='ocrx_word' id='word_1_51' title='bbox 250 454 287 484; x_wconf 84' lang='lat' dir='ltr'><strong>C.</strong></span> <span class='ocrx_word' id='word_1_52' title='bbox 305 455 344 484; x_wconf 88' lang='lat' dir='ltr'><strong>R.</strong></span> <span class='ocrx_word' id='word_1_53' title='bbox 364 454 410 491; x_wconf 94' lang='grc' dir='ltr'>ΙΙ,</span> <span class='ocrx_word' id='word_1_54' title='bbox 430 454 477 483; x_wconf 74' lang='grc'><strong>13.</strong></span> 
     </span>
    </p>

    <p class='ocr_par' dir='ltr' id='par_1_5' title="bbox 163 496 1044 662">
     <span class='ocr_line' id='line_1_10' title="bbox 208 496 1044 538; baseline 0.004 -13"><span class='ocrx_word' id='word_1_55' title='bbox 208 497 298 526; x_wconf 77' lang='lat' dir='ltr'><strong>Juliae</strong></span> <span class='ocrx_word' id='word_1_56' title='bbox 312 499 415 536; x_wconf 76' lang='lat' dir='ltr'><strong>Leges.</strong></span> <span class='ocrx_word' id='word_1_57' title='bbox 439 496 488 526; x_wconf 92' lang='lat' dir='ltr'><strong>De</strong></span> <span class='ocrx_word' id='word_1_58' title='bbox 504 497 638 537; x_wconf 86' lang='lat' dir='ltr'><strong>Harusp.</strong></span> <span class='ocrx_word' id='word_1_59' title='bbox 652 497 746 538; x_wconf 85' lang='lat' dir='ltr'><strong>Resp.</strong></span> <span class='ocrx_word' id='word_1_60' title='bbox 763 508 787 528; x_wconf 90' lang='lat' dir='ltr'><strong>c.</strong></span> <span class='ocrx_word' id='word_1_61' title='bbox 800 498 857 534; x_wconf 77' lang='lat'><strong>23,</strong></span> <span class='ocrx_word' id='word_1_62' title='bbox 873 507 1044 528; x_wconf 87' lang='lat' dir='ltr'><strong>memoran-</strong></span> 
     </span>
     <span class='ocr_line' id='line_1_11' title="bbox 165 539 1043 581; baseline 0.002 -13"><span class='ocrx_word' id='word_1_63' title='bbox 165 544 215 569; x_wconf 84' lang='lat' dir='ltr'><strong>tur</strong></span> <span class='ocrx_word' id='word_1_64' title='bbox 240 540 313 578; x_wconf 76' lang='lat' dir='ltr'><strong>leges</strong></span> <span class='ocrx_word' id='word_1_65' title='bbox 328 539 349 567; x_wconf 86' lang='lat' dir='ltr'><em>J</em></span> <span class='ocrx_word' id='word_1_66' title='bbox 352 540 419 569; x_wconf 65' lang='lat' dir='ltr'><strong>ulie?</strong></span> <span class='ocrx_word' id='word_1_67' title='bbox 433 545 536 569; x_wconf 81' lang='lat' dir='ltr'><strong>contra</strong></span> <span class='ocrx_word' id='word_1_68' title='bbox 553 540 685 580; x_wconf 85' lang='lat' dir='ltr'><strong>auspicia</strong></span> <span class='ocrx_word' id='word_1_69' title='bbox 699 541 776 570; x_wconf 82' lang='lat' dir='ltr'><strong>latae.</strong></span> <span class='ocrx_word' id='word_1_70' title='bbox 800 540 856 570; x_wconf 79' lang='lat' dir='ltr'><strong>Eae</strong></span> <span class='ocrx_word' id='word_1_71' title='bbox 871 547 951 577; x_wconf 83' lang='lat' dir='ltr'><strong>sunt,</strong></span> <span class='ocrx_word' id='word_1_72' title='bbox 968 551 1043 581; x_wconf 86' lang='lat' dir='ltr'><strong>quas</strong></span> 
     </span>
     <span class='ocr_line' id='line_1_12' title="bbox 164 581 1042 624; baseline 0.003 -14"><span class='ocrx_word' id='word_1_73' title='bbox 164 581 194 610; x_wconf 89' lang='lat' dir='ltr'><strong>in</strong></span> <span class='ocrx_word' id='word_1_74' title='bbox 217 582 372 612; x_wconf 80' lang='lat' dir='ltr'><strong>consulatu</strong></span> <span class='ocrx_word' id='word_1_75' title='bbox 394 582 492 622; x_wconf 85' lang='lat' dir='ltr'><strong>primo</strong></span> <span class='ocrx_word' id='word_1_76' title='bbox 512 582 590 612; x_wconf 81' lang='lat' dir='ltr'><strong>tulit.</strong></span> <span class='ocrx_word' id='word_1_77' title='bbox 614 582 685 613; x_wconf 78' lang='lat' dir='ltr'><strong>vid.</strong></span> <span class='ocrx_word' id='word_1_78' title='bbox 708 583 790 613; x_wconf 86' lang='lat' dir='ltr'><strong>Plut.</strong></span> <span class='ocrx_word' id='word_1_79' title='bbox 811 583 843 613; x_wconf 90' lang='lat' dir='ltr'><strong>in</strong></span> <span class='ocrx_word' id='word_1_80' title='bbox 867 584 995 619; x_wconf 72' lang='lat' dir='ltr'><strong>Caesare,</strong></span> <span class='ocrx_word' id='word_1_81' title='bbox 1011 594 1042 624; x_wconf 90' lang='lat' dir='ltr'><strong>p.</strong></span> 
     </span>
     <span class='ocr_line' id='line_1_13' title="bbox 163 624 456 662; baseline 0.003 -9"><span class='ocrx_word' id='word_1_82' title='bbox 163 624 238 662; x_wconf 82' lang='grc'>713,</span> <span class='ocrx_word' id='word_1_83' title='bbox 254 625 300 655; x_wconf 86' lang='lat' dir='ltr'><strong>ed.</strong></span> <span class='ocrx_word' id='word_1_84' title='bbox 318 625 456 655; x_wconf 58' lang='lat' dir='ltr'><strong>IVechel.</strong></span> 
     </span>
    </p>

    <p class='ocr_par' dir='ltr' id='par_1_6' title="bbox 151 667 1042 1633">
     <span class='ocr_line' id='line_1_14' title="bbox 211 667 1041 710; baseline 0.004 -14"><span class='ocrx_word' id='word_1_85' title='bbox 211 669 339 707; x_wconf 78' lang='lat' dir='ltr'><strong>Agraria</strong></span> <span class='ocrx_word' id='word_1_86' title='bbox 360 667 455 705; x_wconf 72' lang='lat' dir='ltr'><strong>Julia,</strong></span> <span class='ocrx_word' id='word_1_87' title='bbox 476 667 574 708; x_wconf 86' lang='lat' dir='ltr'><strong>primo</strong></span> <span class='ocrx_word' id='word_1_88' title='bbox 596 669 763 707; x_wconf 71' lang='lat' dir='ltr'>consulatu,</span> <span class='ocrx_word' id='word_1_89' title='bbox 788 679 878 710; x_wconf 84' lang='lat' dir='ltr'><strong>quem</strong></span> <span class='ocrx_word' id='word_1_90' title='bbox 898 679 967 699; x_wconf 87' lang='lat' dir='ltr'><strong>eum</strong></span> <span class='ocrx_word' id='word_1_91' title='bbox 987 669 1041 699; x_wconf 90' lang='lat' dir='ltr'><strong>Bi-</strong></span> 
     </span>
     <span class='ocr_line' id='line_1_15' title="bbox 166 710 1042 752; baseline 0.001 -12"><span class='ocrx_word' id='word_1_92' title='bbox 166 711 238 740; x_wconf 86' lang='lat' dir='ltr'>bulo</span> <span class='ocrx_word' id='word_1_93' title='bbox 253 711 353 750; x_wconf 76' lang='lat' dir='ltr'><strong>gessit,</strong></span> <span class='ocrx_word' id='word_1_94' title='bbox 369 710 441 747; x_wconf 83' lang='lat' dir='ltr'><strong>lata,</strong></span> <span class='ocrx_word' id='word_1_95' title='bbox 457 711 519 751; x_wconf 61' lang='lat' dir='ltr'><strong>qua</strong></span> <span class='ocrx_word' id='word_1_96' title='bbox 536 712 714 749; x_wconf 69' lang='lat' dir='ltr'><strong>Campmtwn</strong></span> <span class='ocrx_word' id='word_1_97' title='bbox 733 722 836 752; x_wconf 80' lang='lat' dir='ltr'><strong>agrum</strong></span> <span class='ocrx_word' id='word_1_98' title='bbox 851 717 876 741; x_wconf 76' lang='lat' dir='ltr'><strong>et</strong></span> <span class='ocrx_word' id='word_1_99' title='bbox 892 712 1042 742; x_wconf 78' lang='lat' dir='ltr'><em>Stellatem</em></span> 
     </span>
     <span class='ocr_line' id='line_1_16' title="bbox 166 753 1039 793; baseline 0.003 -12"><span class='ocrx_word' id='word_1_100' title='bbox 166 753 232 782; x_wconf 76' lang='lat' dir='ltr'><strong>XX</strong></span> <span class='ocrx_word' id='word_1_101' title='bbox 245 754 371 782; x_wconf 78' lang='lat' dir='ltr'><strong>millibus</strong></span> <span class='ocrx_word' id='word_1_102' title='bbox 380 755 496 788; x_wconf 71' lang='lat' dir='ltr'><strong>civium,</strong></span> <span class='ocrx_word' id='word_1_103' title='bbox 508 754 609 792; x_wconf 74' lang='lat' dir='ltr'><strong>quihus</strong></span> <span class='ocrx_word' id='word_1_104' title='bbox 622 755 695 783; x_wconf 78' lang='lat' dir='ltr'><strong>terni</strong></span> <span class='ocrx_word' id='word_1_105' title='bbox 705 755 833 793; x_wconf 72' lang='lat' dir='ltr'><strong>pluresve</strong></span> <span class='ocrx_word' id='word_1_106' title='bbox 843 755 925 784; x_wconf 72' lang='lat' dir='ltr'><strong>liberi</strong></span> <span class='ocrx_word' id='word_1_107' title='bbox 937 761 1039 791; x_wconf 68' lang='lat' dir='ltr'><strong>essent,</strong></span> 
     </span>
     <span class='ocr_line' id='line_1_17' title="bbox 159 795 1040 838; baseline 0.005 -15"><span class='ocrx_word' id='word_1_108' title='bbox 159 797 281 831; x_wconf 53' lang='lat' dir='ltr'><strong>divisim</strong></span> <span class='ocrx_word' id='word_1_109' title='bbox 317 795 404 836; x_wconf 86' lang='lat' dir='ltr'><strong>eique</strong></span> <span class='ocrx_word' id='word_1_110' title='bbox 429 796 470 825; x_wconf 87' lang='lat' dir='ltr'><strong>rei</strong></span> <span class='ocrx_word' id='word_1_111' title='bbox 500 796 645 826; x_wconf 85' lang='lat' dir='ltr'><strong>XXviros</strong></span> <span class='ocrx_word' id='word_1_112' title='bbox 679 797 832 827; x_wconf 87' lang='lat' dir='ltr'><strong>constituit</strong></span> <span class='ocrx_word' id='word_1_113' title='bbox 857 807 894 827; x_wconf 83' lang='lat' dir='ltr'><strong>ex</strong></span> <span class='ocrx_word' id='word_1_114' title='bbox 923 797 959 827; x_wconf 83' lang='lat' dir='ltr'><strong>iis</strong></span> <span class='ocrx_word' id='word_1_115' title='bbox 988 797 1040 838; x_wconf 88' lang='lat' dir='ltr'><strong>qui</strong></span> 
     </span>
     <span class='ocr_line' id='line_1_18' title="bbox 161 838 1041 878; baseline 0.003 -11"><span class='ocrx_word' id='word_1_116' title='bbox 161 838 310 868; x_wconf 85' lang='lat' dir='ltr'><strong>maximos</strong></span> <span class='ocrx_word' id='word_1_117' title='bbox 325 838 450 868; x_wconf 87' lang='lat' dir='ltr'>honores</span> <span class='ocrx_word' id='word_1_118' title='bbox 465 838 621 878; x_wconf 83' lang='lat' dir='ltr'><strong>gessissent</strong></span> <span class='ocrx_word' id='word_1_119' title='bbox 634 850 643 874; x_wconf 87' lang='lat'>;</span> <span class='ocrx_word' id='word_1_120' title='bbox 667 839 747 869; x_wconf 89' lang='lat' dir='ltr'><strong>unde</strong></span> <span class='ocrx_word' id='word_1_121' title='bbox 758 839 848 869; x_wconf 85' lang='lat' dir='ltr'><strong>etiarn</strong></span> <span class='ocrx_word' id='word_1_122' title='bbox 864 840 1000 870; x_wconf 85' lang='lat' dir='ltr'><strong>Ciceroni</strong></span> <span class='ocrx_word' id='word_1_123' title='bbox 1015 840 1041 871; x_wconf 87' lang='lat' dir='ltr'><strong>is</strong></span> 
     </span>
     <span class='ocr_line' id='line_1_19' title="bbox 158 880 1038 922; baseline 0.002 -12"><span class='ocrx_word' id='word_1_124' title='bbox 158 880 265 918; x_wconf 79' lang='lat' dir='ltr'><strong>honor,</strong></span> <span class='ocrx_word' id='word_1_125' title='bbox 291 881 341 911; x_wconf 89' lang='lat' dir='ltr'><strong>sed</strong></span> <span class='ocrx_word' id='word_1_126' title='bbox 359 881 481 917; x_wconf 76' lang='lat' dir='ltr'><strong>frustra,</strong></span> <span class='ocrx_word' id='word_1_127' title='bbox 506 881 624 911; x_wconf 83' lang='lat' dir='ltr'><strong>oblatus</strong></span> <span class='ocrx_word' id='word_1_128' title='bbox 640 888 693 911; x_wconf 86' lang='lat' dir='ltr'><strong>est.</strong></span> <span class='ocrx_word' id='word_1_129' title='bbox 717 882 777 922; x_wconf 88' lang='lat' dir='ltr'><strong>Ep.</strong></span> <span class='ocrx_word' id='word_1_130' title='bbox 803 882 840 912; x_wconf 79' lang='lat' dir='ltr'><strong>ad</strong></span> <span class='ocrx_word' id='word_1_131' title='bbox 856 882 923 912; x_wconf 86' lang='lat' dir='ltr'><strong>Att.</strong></span> <span class='ocrx_word' id='word_1_132' title='bbox 942 883 989 920; x_wconf 93' lang='grc' dir='ltr'>ΙΙ,</span> <span class='ocrx_word' id='word_1_133' title='bbox 1006 885 1038 919; x_wconf 77' lang='lat'><strong>⁶2,</strong></span> 
     </span>
     <span class='ocr_line' id='line_1_20' title="bbox 163 923 1039 963; baseline 0.003 -11"><span class='ocrx_word' id='word_1_134' title='bbox 163 924 210 954; x_wconf 89' lang='grc'><strong>19.</strong></span> <span class='ocrx_word' id='word_1_135' title='bbox 234 923 386 954; x_wconf 84' lang='lat' dir='ltr'><strong>Caeterum</strong></span> <span class='ocrx_word' id='word_1_136' title='bbox 401 924 478 953; x_wconf 86' lang='lat' dir='ltr'><strong>conf.</strong></span> <span class='ocrx_word' id='word_1_137' title='bbox 496 924 546 953; x_wconf 90' lang='lat' dir='ltr'><strong>Fr.</strong></span> <span class='ocrx_word' id='word_1_138' title='bbox 564 924 680 954; x_wconf 86' lang='lat' dir='ltr'><strong>Fabric.</strong></span> <span class='ocrx_word' id='word_1_139' title='bbox 697 924 729 954; x_wconf 89' lang='lat' dir='ltr'><strong>in</strong></span> <span class='ocrx_word' id='word_1_140' title='bbox 745 924 806 954; x_wconf 62' lang='lat' dir='ltr'><strong>vita</strong></span> <span class='ocrx_word' id='word_1_141' title='bbox 823 925 984 963; x_wconf 78' lang='lat' dir='ltr'><strong>Ciceronis,</strong></span> <span class='ocrx_word' id='word_1_142' title='bbox 1001 925 1039 955; x_wconf 87' lang='lat' dir='ltr'><strong>de</strong></span> 
     </span>
     <span class='ocr_line' id='line_1_21' title="bbox 157 965 1037 1008; baseline 0.002 -12"><span class='ocrx_word' id='word_1_143' title='bbox 157 965 214 996; x_wconf 89' lang='lat' dir='ltr'><strong>hoc</strong></span> <span class='ocrx_word' id='word_1_144' title='bbox 229 966 402 996; x_wconf 84' lang='lat' dir='ltr'><strong>XXviratu.</strong></span> <span class='ocrx_word' id='word_1_145' title='bbox 426 966 467 996; x_wconf 89' lang='lat' dir='ltr'><strong>Ei</strong></span> <span class='ocrx_word' id='word_1_146' title='bbox 483 977 552 996; x_wconf 89' lang='lat' dir='ltr'><strong>cum</strong></span> <span class='ocrx_word' id='word_1_147' title='bbox 569 967 700 997; x_wconf 80' lang='lat' dir='ltr'><strong>Bibulus</strong></span> <span class='ocrx_word' id='word_1_148' title='bbox 715 967 907 997; x_wconf 83' lang='lat' dir='ltr'><strong>obnuntiaret</strong></span> <span class='ocrx_word' id='word_1_149' title='bbox 928 968 1037 1008; x_wconf 84' lang='lat' dir='ltr'><strong>(quam</strong></span> 
     </span>
     <span class='ocr_line' id='line_1_22' title="bbox 155 1009 1039 1050; baseline 0.002 -12"><span class='ocrx_word' id='word_1_150' title='bbox 155 1014 332 1048; x_wconf 84' lang='lat' dir='ltr'><strong>potestatem</strong></span> <span class='ocrx_word' id='word_1_151' title='bbox 348 1009 399 1039; x_wconf 85' lang='lat' dir='ltr'><strong>lex</strong></span> <span class='ocrx_word' id='word_1_152' title='bbox 414 1010 499 1038; x_wconf 76' lang='lat' dir='ltr'><strong>AElt&#39;a</strong></span> <span class='ocrx_word' id='word_1_153' title='bbox 516 1009 634 1045; x_wconf 72' lang='lat' dir='ltr'><strong>dabat).</strong></span> <span class='ocrx_word' id='word_1_154' title='bbox 648 1010 739 1039; x_wconf 86' lang='lat' dir='ltr'><strong>armis</strong></span> <span class='ocrx_word' id='word_1_155' title='bbox 750 1010 813 1039; x_wconf 86' lang='lat' dir='ltr'><strong>foro</strong></span> <span class='ocrx_word' id='word_1_156' title='bbox 825 1010 969 1050; x_wconf 83' lang='lat' dir='ltr'><strong>expulsus</strong></span> <span class='ocrx_word' id='word_1_157' title='bbox 985 1017 1039 1040; x_wconf 86' lang='lat' dir='ltr'><strong>est.</strong></span> 
     </span>
     <span class='ocr_line' id='line_1_23' title="bbox 154 1052 1034 1089; baseline 0.001 -8"><span class='ocrx_word' id='word_1_158' title='bbox 154 1052 239 1082; x_wconf 74' lang='lat' dir='ltr'><strong>Suet.</strong></span> <span class='ocrx_word' id='word_1_159' title='bbox 257 1052 288 1081; x_wconf 91' lang='lat' dir='ltr'><strong>in</strong></span> <span class='ocrx_word' id='word_1_160' title='bbox 304 1052 380 1081; x_wconf 86' lang='lat' dir='ltr'><strong>Caes.</strong></span> <span class='ocrx_word' id='word_1_161' title='bbox 397 1061 422 1081; x_wconf 87' lang='lat' dir='ltr'><strong>c.</strong></span> <span class='ocrx_word' id='word_1_162' title='bbox 433 1053 483 1081; x_wconf 79' lang='lat'><strong>20.</strong></span> <span class='ocrx_word' id='word_1_163' title='bbox 508 1052 556 1081; x_wconf 90' lang='lat' dir='ltr'><strong>De</strong></span> <span class='ocrx_word' id='word_1_164' title='bbox 572 1052 607 1081; x_wconf 64' lang='lat' dir='ltr'><strong>eit</strong></span> <span class='ocrx_word' id='word_1_165' title='bbox 622 1052 700 1082; x_wconf 87' lang='lat' dir='ltr'><strong>conf.</strong></span> <span class='ocrx_word' id='word_1_166' title='bbox 717 1052 755 1082; x_wconf 80' lang='lat' dir='ltr'><strong>ad</strong></span> <span class='ocrx_word' id='word_1_167' title='bbox 772 1053 836 1082; x_wconf 77' lang='lat' dir='ltr'><strong>Att.</strong></span> <span class='ocrx_word' id='word_1_168' title='bbox 854 1053 903 1089; x_wconf 88' lang='grc' dir='ltr'><strong>ΙΙ,</strong></span> <span class='ocrx_word' id='word_1_169' title='bbox 920 1053 970 1089; x_wconf 85' lang='grc'>16,</span> <span class='ocrx_word' id='word_1_170' title='bbox 986 1054 1034 1082; x_wconf 87' lang='grc'><strong>18.</strong></span> 
     </span>
     <span class='ocr_line' id='line_1_24' title="bbox 156 1093 1037 1135; baseline 0.003 -12"><span class='ocrx_word' id='word_1_171' title='bbox 156 1093 203 1123; x_wconf 87' lang='lat' dir='ltr'><strong>Ea</strong></span> <span class='ocrx_word' id='word_1_172' title='bbox 218 1095 268 1123; x_wconf 89' lang='lat' dir='ltr'><strong>lex</strong></span> <span class='ocrx_word' id='word_1_173' title='bbox 292 1100 326 1124; x_wconf 90' lang='lat' dir='ltr'><strong>ut</strong></span> <span class='ocrx_word' id='word_1_174' title='bbox 342 1094 463 1130; x_wconf 77' lang='lat' dir='ltr'><strong>valeret,</strong></span> <span class='ocrx_word' id='word_1_175' title='bbox 484 1094 541 1124; x_wconf 88' lang='lat' dir='ltr'><strong>hoc</strong></span> <span class='ocrx_word' id='word_1_176' title='bbox 564 1094 715 1133; x_wconf 77' lang='lat' dir='ltr'><strong>adjectum</strong></span> <span class='ocrx_word' id='word_1_177' title='bbox 738 1095 868 1124; x_wconf 87' lang='lat' dir='ltr'><strong>habebat</strong></span> <span class='ocrx_word' id='word_1_178' title='bbox 885 1101 984 1135; x_wconf 84' lang='lat' dir='ltr'><strong>caput,</strong></span> <span class='ocrx_word' id='word_1_179' title='bbox 1002 1101 1037 1126; x_wconf 89' lang='lat' dir='ltr'><strong>ut</strong></span> 
     </span>
     <span class='ocr_line' id='line_1_25' title="bbox 152 1136 1036 1178; baseline 0.002 -13"><span class='ocrx_word' id='word_1_180' title='bbox 152 1136 304 1166; x_wconf 82' lang='lat' dir='ltr'><strong>candidati</strong></span> <span class='ocrx_word' id='word_1_181' title='bbox 328 1147 358 1166; x_wconf 92' lang='lat' dir='ltr'><strong>se</strong></span> <span class='ocrx_word' id='word_1_182' title='bbox 373 1137 430 1177; x_wconf 87' lang='lat' dir='ltr'><strong>ipsi</strong></span> <span class='ocrx_word' id='word_1_183' title='bbox 450 1137 646 1176; x_wconf 85' lang='lat' dir='ltr'><strong>jurejurando</strong></span> <span class='ocrx_word' id='word_1_184' title='bbox 667 1144 862 1175; x_wconf 82' lang='lat' dir='ltr'><strong>exsecrarent‚</strong></span> <span class='ocrx_word' id='word_1_185' title='bbox 888 1138 922 1175; x_wconf 86' lang='lat' dir='ltr'><strong>si,</strong></span> <span class='ocrx_word' id='word_1_186' title='bbox 939 1138 1036 1178; x_wconf 83' lang='lat' dir='ltr'><strong>impe-</strong></span> 
     </span>
     <span class='ocr_line' id='line_1_26' title="bbox 151 1179 1035 1220; baseline 0.002 -12"><span class='ocrx_word' id='word_1_187' title='bbox 151 1184 240 1216; x_wconf 75' lang='lat' dir='ltr'><strong>trato,</strong></span> <span class='ocrx_word' id='word_1_188' title='bbox 257 1189 348 1220; x_wconf 88' lang='lat' dir='ltr'><strong>quem</strong></span> <span class='ocrx_word' id='word_1_189' title='bbox 369 1185 513 1219; x_wconf 70' lang='lat' dir='ltr'><strong>peterent,</strong></span> <span class='ocrx_word' id='word_1_190' title='bbox 536 1179 725 1219; x_wconf 71' lang='lat' dir='ltr'><strong>magistratu,</strong></span> <span class='ocrx_word' id='word_1_191' title='bbox 743 1180 928 1211; x_wconf 83' lang='lat' dir='ltr'><strong>mentionem</strong></span> <span class='ocrx_word' id='word_1_192' title='bbox 948 1181 1035 1211; x_wconf 85' lang='lat' dir='ltr'><strong>fecis-</strong></span> 
     </span>
     <span class='ocr_line' id='line_1_27' title="bbox 153 1222 1033 1264; baseline 0.003 -13"><span class='ocrx_word' id='word_1_193' title='bbox 153 1227 219 1251; x_wconf 82' lang='lat' dir='ltr'><strong>sent</strong></span> <span class='ocrx_word' id='word_1_194' title='bbox 243 1222 281 1251; x_wconf 90' lang='lat' dir='ltr'><strong>de</strong></span> <span class='ocrx_word' id='word_1_195' title='bbox 303 1232 375 1262; x_wconf 84' lang='lat' dir='ltr'><strong>agro</strong></span> <span class='ocrx_word' id='word_1_196' title='bbox 398 1222 555 1262; x_wconf 87' lang='lat' dir='ltr'><strong>Campano</strong></span> <span class='ocrx_word' id='word_1_197' title='bbox 578 1223 663 1252; x_wconf 85' lang='lat' dir='ltr'><strong>aliter</strong></span> <span class='ocrx_word' id='word_1_198' title='bbox 684 1222 863 1263; x_wconf 83' lang='lat' dir='ltr'><strong>possidendo</strong></span> <span class='ocrx_word' id='word_1_199' title='bbox 885 1229 976 1264; x_wconf 87' lang='lat' dir='ltr'><strong>atque</strong></span> <span class='ocrx_word' id='word_1_200' title='bbox 995 1234 1033 1254; x_wconf 81' lang='lat' dir='ltr'><strong>ex</strong></span> 
     </span>
     <span class='ocr_line' id='line_1_28' title="bbox 153 1264 1034 1306; baseline 0.003 -13"><span class='ocrx_word' id='word_1_201' title='bbox 153 1264 209 1294; x_wconf 87' lang='lat' dir='ltr'><strong>hac</strong></span> <span class='ocrx_word' id='word_1_202' title='bbox 223 1264 308 1304; x_wconf 84' lang='lat' dir='ltr'><strong>lege;</strong></span> <span class='ocrx_word' id='word_1_203' title='bbox 333 1265 413 1294; x_wconf 86' lang='lat' dir='ltr'><strong>unde</strong></span> <span class='ocrx_word' id='word_1_204' title='bbox 434 1265 603 1295; x_wconf 82' lang='lat' dir='ltr'><strong>Laterensis</strong></span> <span class='ocrx_word' id='word_1_205' title='bbox 626 1276 661 1295; x_wconf 87' lang='lat' dir='ltr'><strong>eo</strong></span> <span class='ocrx_word' id='word_1_206' title='bbox 684 1275 763 1295; x_wconf 87' lang='lat' dir='ltr'><strong>anno</strong></span> <span class='ocrx_word' id='word_1_207' title='bbox 777 1266 965 1296; x_wconf 84' lang='lat' dir='ltr'><strong>tribunatum</strong></span> <span class='ocrx_word' id='word_1_208' title='bbox 981 1276 1034 1306; x_wconf 81' lang='lat' dir='ltr'><strong>pe-</strong></span> 
     </span>
     <span class='ocr_line' id='line_1_29' title="bbox 154 1307 1030 1348; baseline 0.002 -12"><span class='ocrx_word' id='word_1_209' title='bbox 154 1312 215 1336; x_wconf 86' lang='lat' dir='ltr'><strong>tere</strong></span> <span class='ocrx_word' id='word_1_210' title='bbox 239 1307 362 1337; x_wconf 81' lang='lat' dir='ltr'><strong>destitit.</strong></span> <span class='ocrx_word' id='word_1_211' title='bbox 384 1307 457 1338; x_wconf 88' lang='lat' dir='ltr'><strong>Vid.</strong></span> <span class='ocrx_word' id='word_1_212' title='bbox 485 1318 539 1348; x_wconf 88' lang='lat' dir='ltr'><strong>pro</strong></span> <span class='ocrx_word' id='word_1_213' title='bbox 566 1308 669 1338; x_wconf 87' lang='lat' dir='ltr'><strong>Plane.</strong></span> <span class='ocrx_word' id='word_1_214' title='bbox 689 1318 713 1337; x_wconf 92' lang='lat' dir='ltr'><strong>c.</strong></span> <span class='ocrx_word' id='word_1_215' title='bbox 736 1310 768 1346; x_wconf 76' lang='lat'><strong>5,</strong></span> <span class='ocrx_word' id='word_1_216' title='bbox 793 1314 822 1338; x_wconf 90' lang='lat' dir='ltr'><strong>et</strong></span> <span class='ocrx_word' id='word_1_217' title='bbox 839 1309 882 1338; x_wconf 91' lang='lat' dir='ltr'><strong>ibi</strong></span> <span class='ocrx_word' id='word_1_218' title='bbox 905 1309 1030 1339; x_wconf 84' lang='lat' dir='ltr'><strong>Manut.</strong></span> 
     </span>
     <span class='ocr_line' id='line_1_30' title="bbox 155 1349 1032 1391; baseline 0.003 -13"><span class='ocrx_word' id='word_1_219' title='bbox 155 1349 232 1379; x_wconf 83' lang='lat' dir='ltr'><strong>Haec</strong></span> <span class='ocrx_word' id='word_1_220' title='bbox 246 1350 295 1379; x_wconf 87' lang='lat' dir='ltr'><strong>lex</strong></span> <span class='ocrx_word' id='word_1_221' title='bbox 308 1350 398 1380; x_wconf 87' lang='lat' dir='ltr'><strong>etiam</strong></span> <span class='ocrx_word' id='word_1_222' title='bbox 412 1356 596 1380; x_wconf 83' lang='lat' dir='ltr'><strong>memoratur</strong></span> <span class='ocrx_word' id='word_1_223' title='bbox 612 1350 692 1380; x_wconf 86' lang='lat' dir='ltr'><strong>Phil.</strong></span> <span class='ocrx_word' id='word_1_224' title='bbox 705 1351 748 1388; x_wconf 83' lang='lat' dir='ltr'><strong>V,</strong></span> <span class='ocrx_word' id='word_1_225' title='bbox 764 1352 811 1382; x_wconf 85' lang='lat'><strong>19.</strong></span> <span class='ocrx_word' id='word_1_226' title='bbox 835 1351 912 1390; x_wconf 88' lang='lat' dir='ltr'><strong>Ejus</strong></span> <span class='ocrx_word' id='word_1_227' title='bbox 924 1351 1032 1391; x_wconf 87' lang='lat' dir='ltr'><strong>fragm.</strong></span> 
     </span>
     <span class='ocr_line' id='line_1_31' title="bbox 153 1391 1033 1434; baseline 0.003 -13"><span class='ocrx_word' id='word_1_228' title='bbox 153 1391 222 1421; x_wconf 88' lang='lat' dir='ltr'><strong>vide</strong></span> <span class='ocrx_word' id='word_1_229' title='bbox 237 1392 319 1433; x_wconf 86' lang='lat' dir='ltr'>apud</span> <span class='ocrx_word' id='word_1_230' title='bbox 343 1392 479 1423; x_wconf 87' lang='lat' dir='ltr'><strong>Goesium</strong></span> <span class='ocrx_word' id='word_1_231' title='bbox 494 1393 526 1422; x_wconf 92' lang='lat' dir='ltr'><strong>in</strong></span> <span class='ocrx_word' id='word_1_232' title='bbox 547 1393 646 1433; x_wconf 88' lang='lat' dir='ltr'><strong>script.</strong></span> <span class='ocrx_word' id='word_1_233' title='bbox 663 1394 703 1423; x_wconf 89' lang='lat' dir='ltr'><strong>R.</strong></span> <span class='ocrx_word' id='word_1_234' title='bbox 725 1394 803 1434; x_wconf 90' lang='lat' dir='ltr'><strong>Agr.</strong></span> <span class='ocrx_word' id='word_1_235' title='bbox 819 1404 849 1434; x_wconf 92' lang='lat' dir='ltr'><strong>p.</strong></span> <span class='ocrx_word' id='word_1_236' title='bbox 866 1394 940 1424; x_wconf 86' lang='lat'><strong>530.</strong></span> <span class='ocrx_word' id='word_1_237' title='bbox 965 1394 1033 1424; x_wconf 82' lang='lat' dir='ltr'><strong>Cae-</strong></span> 
     </span>
     <span class='ocr_line' id='line_1_32' title="bbox 151 1435 1030 1475; baseline 0.003 -12"><span class='ocrx_word' id='word_1_238' title='bbox 151 1439 250 1464; x_wconf 79' lang='lat' dir='ltr'><strong>terum</strong></span> <span class='ocrx_word' id='word_1_239' title='bbox 274 1435 372 1465; x_wconf 82' lang='lat' dir='ltr'><strong>multa</strong></span> <span class='ocrx_word' id='word_1_240' title='bbox 395 1435 433 1465; x_wconf 80' lang='lat' dir='ltr'><strong>ad</strong></span> <span class='ocrx_word' id='word_1_241' title='bbox 456 1436 533 1465; x_wconf 83' lang='lat' dir='ltr'><strong>hanc</strong></span> <span class='ocrx_word' id='word_1_242' title='bbox 550 1436 660 1475; x_wconf 76' lang='lat' dir='ltr'><strong>legem,</strong></span> <span class='ocrx_word' id='word_1_243' title='bbox 682 1442 711 1466; x_wconf 87' lang='lat' dir='ltr'><strong>et</strong></span> <span class='ocrx_word' id='word_1_244' title='bbox 732 1436 883 1467; x_wconf 80' lang='lat' dir='ltr'><strong>Ciceronis</strong></span> <span class='ocrx_word' id='word_1_245' title='bbox 903 1436 942 1466; x_wconf 86' lang='lat' dir='ltr'><strong>ad</strong></span> <span class='ocrx_word' id='word_1_246' title='bbox 965 1447 1030 1466; x_wconf 88' lang='lat' dir='ltr'><strong>eam</strong></span> 
     </span>
     <span class='ocr_line' id='line_1_33' title="bbox 153 1477 1030 1518; baseline 0.002 -12"><span class='ocrx_word' id='word_1_247' title='bbox 153 1477 333 1516; x_wconf 84' lang='lat' dir='ltr'><strong>pertinentia</strong></span> <span class='ocrx_word' id='word_1_248' title='bbox 346 1478 422 1515; x_wconf 77' lang='lat' dir='ltr'><strong>loca,</strong></span> <span class='ocrx_word' id='word_1_249' title='bbox 438 1477 587 1518; x_wconf 88' lang='lat' dir='ltr'><strong>imprimis</strong></span> <span class='ocrx_word' id='word_1_250' title='bbox 602 1479 639 1508; x_wconf 90' lang='lat' dir='ltr'><strong>de</strong></span> <span class='ocrx_word' id='word_1_251' title='bbox 650 1479 825 1515; x_wconf 79' lang='lat' dir='ltr'><strong>XXviratu‚</strong></span> <span class='ocrx_word' id='word_1_252' title='bbox 841 1479 1030 1518; x_wconf 85' lang='lat' dir='ltr'><strong>illustranda,</strong></span> 
     </span>
     <span class='ocr_line' id='line_1_34' title="bbox 151 1519 1032 1563; baseline 0.003 -15"><span class='ocrx_word' id='word_1_253' title='bbox 151 1519 241 1549; x_wconf 83' lang='lat' dir='ltr'><strong>habet</strong></span> <span class='ocrx_word' id='word_1_254' title='bbox 256 1519 434 1550; x_wconf 85' lang='lat' dir='ltr'><strong>Mazochius</strong></span> <span class='ocrx_word' id='word_1_255' title='bbox 443 1520 480 1550; x_wconf 91' lang='lat' dir='ltr'><strong>de</strong></span> <span class='ocrx_word' id='word_1_256' title='bbox 490 1521 654 1561; x_wconf 83' lang='lat' dir='ltr'><strong>Amphith.</strong></span> <span class='ocrx_word' id='word_1_257' title='bbox 669 1521 836 1562; x_wconf 78' lang='lat' dir='ltr'><strong>Campano,</strong></span> <span class='ocrx_word' id='word_1_258' title='bbox 851 1532 881 1562; x_wconf 90' lang='lat' dir='ltr'><strong>p.</strong></span> <span class='ocrx_word' id='word_1_259' title='bbox 902 1522 952 1559; x_wconf 75' lang='lat'><strong>14,</strong></span> <span class='ocrx_word' id='word_1_260' title='bbox 965 1532 1032 1563; x_wconf 89' lang='lat' dir='ltr'><strong>sqq.</strong></span> 
     </span>
     <span class='ocr_line' id='line_1_35' title="bbox 152 1561 1031 1604; baseline 0.003 -13"><span class='ocrx_word' id='word_1_261' title='bbox 152 1561 180 1592; x_wconf 88' lang='grc' dir='ltr'>Ε</span> <span class='ocrx_word' id='word_1_262' title='bbox 203 1562 351 1593; x_wconf 81' lang='lat' dir='ltr'><strong>veteribus</strong></span> <span class='ocrx_word' id='word_1_263' title='bbox 373 1563 522 1604; x_wconf 86' lang='lat' dir='ltr'><strong>imprimis</strong></span> <span class='ocrx_word' id='word_1_264' title='bbox 544 1564 688 1604; x_wconf 87' lang='lat' dir='ltr'><strong>legendus</strong></span> <span class='ocrx_word' id='word_1_265' title='bbox 708 1564 768 1594; x_wconf 92' lang='lat' dir='ltr'><strong>Dio</strong></span> <span class='ocrx_word' id='word_1_266' title='bbox 793 1563 877 1595; x_wconf 85' lang='lat' dir='ltr'><strong>Cass.</strong></span> <span class='ocrx_word' id='word_1_267' title='bbox 899 1564 951 1595; x_wconf 87' lang='lat' dir='ltr'><strong>lib.</strong></span> <span class='ocrx_word' id='word_1_268' title='bbox 976 1566 1031 1603; x_wconf 84' lang='lat'><strong>38,</strong></span> 
     </span>
     <span class='ocr_line' id='line_1_36' title="bbox 152 1603 218 1633; baseline 0 0"><span class='ocrx_word' id='word_1_269' title='bbox 152 1603 218 1633; x_wconf 88' lang='lat' dir='ltr'><strong>init.</strong></span> 
     </span>
    </p>

    <p class='ocr_par' dir='ltr' id='par_1_7' title="bbox 152 1646 1032 1777">
     <span class='ocr_line' id='line_1_37' title="bbox 194 1646 1029 1691; baseline 0.006 -16"><span class='ocrx_word' id='word_1_270' title='bbox 194 1646 278 1676; x_wconf 74' lang='lat' dir='ltr'><em>Julia</em></span> <span class='ocrx_word' id='word_1_271' title='bbox 292 1648 328 1678; x_wconf 84' lang='lat' dir='ltr'><strong>de</strong></span> <span class='ocrx_word' id='word_1_272' title='bbox 348 1649 502 1686; x_wconf 79' lang='lat' dir='ltr'><strong>provinciis</strong></span> <span class='ocrx_word' id='word_1_273' title='bbox 521 1651 699 1687; x_wconf 76' lang='lat' dir='ltr'><strong>ordinandis,</strong></span> <span class='ocrx_word' id='word_1_274' title='bbox 719 1651 781 1680; x_wconf 83' lang='lat' dir='ltr'><strong>lata</strong></span> <span class='ocrx_word' id='word_1_275' title='bbox 799 1650 830 1680; x_wconf 90' lang='lat' dir='ltr'><strong>in</strong></span> <span class='ocrx_word' id='word_1_276' title='bbox 846 1651 944 1691; x_wconf 83' lang='lat' dir='ltr'><strong>primo</strong></span> <span class='ocrx_word' id='word_1_277' title='bbox 958 1660 1029 1681; x_wconf 88' lang='lat' dir='ltr'><strong>con-</strong></span> 
     </span>
     <span class='ocr_line' id='line_1_38' title="bbox 153 1688 1029 1733; baseline 0.005 -14"><span class='ocrx_word' id='word_1_278' title='bbox 153 1688 265 1727; x_wconf 89' lang='lat' dir='ltr'><strong>sulatu,</strong></span> <span class='ocrx_word' id='word_1_279' title='bbox 289 1689 350 1730; x_wconf 57' lang='lat' dir='ltr'><strong>qu&amp;</strong></span> <span class='ocrx_word' id='word_1_280' title='bbox 375 1691 500 1732; x_wconf 75' lang='lat' dir='ltr'><strong>repetita</strong></span> <span class='ocrx_word' id='word_1_281' title='bbox 519 1698 549 1723; x_wconf 88' lang='lat' dir='ltr'><strong>et</strong></span> <span class='ocrx_word' id='word_1_282' title='bbox 567 1699 656 1723; x_wconf 87' lang='lat' dir='ltr'><strong>aucta</strong></span> <span class='ocrx_word' id='word_1_283' title='bbox 675 1699 719 1723; x_wconf 84' lang='lat' dir='ltr'><strong>est</strong></span> <span class='ocrx_word' id='word_1_284' title='bbox 742 1693 886 1731; x_wconf 80' lang='lat' dir='ltr'><strong>cornelia,</strong></span> <span class='ocrx_word' id='word_1_285' title='bbox 906 1693 943 1722; x_wconf 87' lang='lat' dir='ltr'><strong>de</strong></span> <span class='ocrx_word' id='word_1_286' title='bbox 968 1692 1029 1733; x_wconf 69' lang='lat' dir='ltr'><strong>qua</strong></span> 
     </span>
     <span class='ocr_line' id='line_1_39' title="bbox 152 1733 1032 1777; baseline 0.006 -16"><span class='ocrx_word' id='word_1_287' title='bbox 152 1742 253 1773; x_wconf 86' lang='lat' dir='ltr'><strong>supra.</strong></span> <span class='ocrx_word' id='word_1_288' title='bbox 275 1733 412 1765; x_wconf 72' lang='lat' dir='ltr'><strong>,lubebat</strong></span> <span class='ocrx_word' id='word_1_289' title='bbox 426 1734 501 1767; x_wconf 86' lang='lat' dir='ltr'><strong>duas</strong></span> <span class='ocrx_word' id='word_1_290' title='bbox 514 1735 642 1768; x_wconf 87' lang='lat' dir='ltr'><strong>rationes</strong></span> <span class='ocrx_word' id='word_1_291' title='bbox 653 1736 683 1766; x_wconf 93' lang='lat' dir='ltr'><strong>in</strong></span> <span class='ocrx_word' id='word_1_292' title='bbox 699 1735 852 1777; x_wconf 52' lang='lat' dir='ltr'><strong>provincia</strong></span> <span class='ocrx_word' id='word_1_293' title='bbox 863 1735 944 1777; x_wconf 87' lang='lat' dir='ltr'>apud</span> <span class='ocrx_word' id='word_1_294' title='bbox 956 1735 1032 1766; x_wconf 78' lang='lat' dir='ltr'><strong>duas</strong></span> 
     </span>
    </p>
   </div>
  </div>
 </body>
</html>
