1137 1848
282 39 431 71 INDEX
454 40 636 72 GRAECO·
642 39 854 71 LATINUS.
955 39 1018 70 443

131 126 242 168 inquit,
259 131 347 156 erunt
366 136 427 157 non
442 127 534 157 modo
549 127 666 168 requies
682 126 852 164 senectutis,
869 136 920 157 seu
938 137 1021 162 εγγη-

132 182 223 209 ραμα,
242 175 276 199 ut
300 175 334 199 tu
356 169 521 210 aliquando
541 170 692 210 scripsisti,
715 170 768 200 sed
790 177 918 209 ενταφιον
933 168 1019 206 adeo,

132 214 252 253 requies
266 214 392 242 mortui.
424 213 497 242 Non
519 213 658 249 absurde,
681 213 742 253 qua
762 222 904 248 sensumg
930 211 1021 241 modo

132 257 259 285 verbum
273 256 414 285 Graecum
425 266 495 285 eum
508 262 668 295 pateretur.
693 256 829 291 Constat,
842 256 1020 285 (iraecorum

132 308 226 335 more,
244 308 304 328 non
327 305 463 328 mortuos
478 299 578 328 solum
598 299 767 338 magnificis
781 298 914 328 vestibus
934 307 1023 327 orna-

132 347 191 379 tos,
211 342 263 371 sed
286 352 364 382 saepe
387 341 478 372 etiam
501 343 673 371 morituros.
698 342 782 371 Hinc
804 341 1021 381 Apollodorum

133 384 263 414 Socratis
278 384 456 425 discipuluS,
469 385 583 415 Socrati
598 385 741 415 offerebat
750 384 944 424 magnificam
957 393 1022 413 ves-

133 432 207 463 tem,
221 428 283 468 qua
292 427 417 457 indutus
430 427 554 457 demum
565 427 694 457 cicutam
710 428 834 458 biberet.
846 438 895 467 ap.
907 426 1023 456 AElian.

133 469 175 500 V.
193 470 236 500 H.
254 471 282 507 I,
303 474 350 500 16.
376 471 424 501 Cf.
443 469 507 507 III,
519 474 569 501 24.
588 469 647 507 IV,
665 472 694 500 8.
719 469 827 510 Itaque
840 470 929 499 etiam
943 481 1024 498 εντα-

134 516 240 551 φιαζειν
256 514 332 543 mihi
345 513 462 543 videtur
473 513 551 544 hanc
564 513 625 543 vim
638 514 748 543 habere
764 513 879 542 Matth.
893 510 1022 548 XXVI,

137 559 188 585 12.
218 556 338 586 honoris
368 555 456 587 causei
484 558 671 587 moriturum
706 567 833 595 ungere.
875 555 1026 585 Nondum

134 599 215 629 enim
232 606 370 629 mortuus
386 606 459 637 erat,
477 600 532 629 etsi
552 600 706 630 unctiones
729 600 848 640 proprie
863 604 930 639 post
946 607 1026 628 mor-

136 648 198 672 tem
214 642 336 672 fiebant.
362 642 423 672 Hic
445 653 516 681 ergo
532 648 575 672 est
590 643 647 672 loci
662 643 766 681 hujus,
783 642 851 672 mea
867 640 1025 676 sententia,

136 695 255 715 sensus:
280 687 323 715 In
338 687 385 715 lais
404 687 498 715 hortis
521 696 573 725 ego
594 697 657 715 non
673 687 772 715 solum
787 687 924 716 suaviter
939 695 1030 723 agere

136 734 330 764 senectutem,
352 730 403 758 sed
419 732 511 759 etiam
528 731 649 759 honeste
655 729 861 768 jucundeque
876 730 965 766 mori,
981 738 1028 758 me

130 782 219 811 posse
235 774 361 812 confido.

181 821 368 856 Εντελεχεια,
385 815 478 845 Tusc.
499 815 527 852 Ι,
548 816 595 845 10.
612 815 649 845 de
670 815 763 854 hujus
778 815 917 845 vocabuli
931 815 961 844 vi
977 824 1027 844 ve-

136 857 292 888 hementer
306 857 494 898 disputatum
511 869 574 888 esse
590 864 714 888 constat.
739 857 816 895 Nos,
833 869 902 898 quae
917 868 955 888 ex
970 857 1027 887 hoc

136 901 202 931 loco
231 907 361 941 potestas
388 901 454 931 elici
474 901 578 942 possit,
610 901 793 937 videbimus,
818 907 847 930 et
867 910 937 930 cum
961 900 1027 940 ipso

137 943 300 973 Aristotele
312 945 565 984 comparabimus.
588 944 692 974 Cicero
707 943 760 980 ait,
776 943 970 973 Aristotelem
983 943 1028 973 vi-

137 986 226 1023 disse,
243 987 374 1017 actiones
392 987 487 1017 animi
508 998 569 1017 esse
588 997 646 1022 eas,
666 997 735 1027 quae
753 986 785 1016 in
804 986 962 1016 materiam
979 996 1030 1016 ca-

137 1029 207 1059 dere
222 1039 282 1059 non
298 1036 432 1070 possent,
445 1040 543 1070 neque
559 1031 596 1059 ab
609 1030 672 1059 ullo
687 1039 795 1069 genere
810 1029 1028 1059 elementorum

137 1072 295 1113 proficisci,
321 1084 390 1113 quae
413 1073 498 1103 nobis
514 1073 637 1113 quidem
653 1079 724 1102 nota
740 1078 846 1102 essent.
872 1073 976 1112 Atque
996 1071 1028 1101 id

137 1125 206 1145 vere
219 1115 375 1154 judicavit.
401 1116 484 1145 Nam
501 1116 674 1156 corporibus
685 1115 761 1145 nihil
773 1122 880 1155 praeter
894 1121 1026 1149 motum,

138 1165 259 1188 auctore
274 1158 340 1199 ipso
356 1159 530 1194 Aristotele,
548 1158 679 1188 accidere
691 1164 799 1199 potest,
810 1164 844 1187 ut
856 1157 1029 1198 philosophi

139 1201 226 1231 certis
251 1202 438 1241 argumentis
468 1201 684 1231 demonstrant.
723 1200 807 1231 Inter
836 1200 1030 1241 cogitationes

138 1250 254 1280 autem,
277 1244 369 1281 ideas,
394 1246 450 1274 &a
474 1251 503 1274 et
525 1251 657 1281 motum,
678 1245 764 1273 nulla
785 1243 952 1274 similitudo
975 1249 1029 1273 est.

141 1285 262 1327 Itaque,
279 1287 331 1317 lib.
353 1291 380 1323 1,
404 1287 453 1318 De
464 1287 591 1323 Anima,
605 1287 636 1316 in
653 1297 713 1327 quo
729 1287 885 1327 opiniones
901 1286 1030 1316 aliorum

140 1329 177 1359 de
197 1330 300 1359 anima
319 1336 486 1367 enumerat,
503 1342 528 1361 c.
544 1332 576 1367 3,
597 1330 664 1359 init.
680 1329 789 1359 diserte
804 1329 862 1359 ait:
891 1330 916 1358 ἐν
928 1342 956 1358 τι
972 1341 1029 1357 των

140 1372 293 1407 αὸυνατων,
307 1385 338 1402 το
352 1375 487 1414 ὑπαρχειν
497 1375 577 1414 ψυχὴ
591 1385 706 1406 κινησιν.
731 1372 800 1403 HOC
815 1372 908 1412 igitur
920 1372 1029 1402 consti-

141 1420 218 1451 tuto,
229 1421 275 1452 ut,
292 1416 436 1456 quoniam
457 1408 586 1446 actiones
605 1415 716 1445 animae
735 1425 795 1445 non
812 1420 909 1445 essent
924 1424 1029 1455 corpo-

140 1467 210 1494 reae,
226 1467 281 1488 nec
296 1459 362 1499 ipsa
382 1469 490 1499 corpus
506 1464 593 1495 esset,
611 1458 804 1495 efficiebatur,
820 1464 856 1488 ut
870 1457 1029 1498 proprium

139 1510 236 1540 genus
258 1501 434 1532 substantiae
456 1501 659 1538 constitueret,
676 1503 732 1532 sub
755 1511 816 1542 quo
837 1501 948 1531 animae
971 1500 1030 1530 hu-

140 1553 240 1573 manae
256 1545 489 1581 continerentur,
513 1544 597 1585 quod
618 1550 693 1575 esset
713 1545 751 1574 ab
766 1554 906 1584 corporeo
921 1553 1030 1584 genere

141 1587 325 1625 sejunctum,
343 1593 372 1618 et
391 1587 481 1627 plane
503 1587 675 1618 discretum.
709 1586 779 1617 Hoc
800 1596 915 1617 novum
934 1596 1031 1626 genus

142 1639 221 1660 novo
247 1630 339 1660 etiam
364 1630 511 1660 vocabulo
538 1636 713 1671 εντελεχειαν
737 1629 911 1670 appellavit,
943 1629 974 1658 h.
1003 1639 1028 1659 e.

143 1674 238 1712 quasi
248 1674 416 1713 quamdam
421 1683 588 1713 perennem
598 1678 626 1703 et
636 1673 845 1704 continuatam
857 1673 1031 1703 motionem..

145 1715 218 1745 Non
234 1715 306 1746 dicit
321 1717 498 1751 motionem,
515 1716 565 1747 sed
573 1718 664 1756 quasi
675 1719 842 1757 quamdam
853 1717 1031 1746 motionem.
