1137 1848
310 66 459 98 INDEX
483 66 770 99 HISTORICUs.
920 65 984 96 369

102 161 162 192 que
175 151 367 191 nominatim,
390 163 488 194 neque
508 153 579 183 satis
594 153 752 194 diligenter
766 151 804 182 de
825 151 912 183 bonis
926 162 986 192 pu-

105 195 229 226 blicatis.
243 195 282 225 ad.
292 196 364 226 Div.
381 196 409 233 I,
422 200 452 227 3.
468 204 622 226 aecusatus
634 199 671 226 de
688 196 726 235 vi,
740 207 758 225 a
767 198 824 226 Cn.
838 196 985 235 Pompeio

103 237 245 268 laudatur
255 250 264 268 z
282 238 452 269 defenditur
462 250 479 269 a
493 239 637 270 Cicerone
646 240 790 276 oratione,
801 249 869 278 quae
879 243 986 268 exstat.

104 280 143 309 ad
158 280 232 311 Div.
253 281 332 320 VII,
349 284 400 312 32.
422 286 444 300 “
461 282 541 313 dicta
556 282 732 319 §extianass'
756 282 776 310 i.
792 291 817 311 e.
833 281 942 321 frigida
957 286 987 310 et

103 333 214 363 parum
229 332 325 354 acuta.
349 326 433 355 Nam
449 326 486 355 de
497 326 553 355 hoc
569 326 671 355 sextio
686 325 787 354 locum
807 334 911 364 capere
925 333 987 353 non

105 367 281 407 ambigam:
306 368 388 408 quod
412 378 449 398 ex
472 379 518 409 ep.
541 368 580 398 ad
602 368 674 397 Div.
693 367 733 405 V,
757 370 787 398 b'.
811 377 879 407 quae
901 366 988 396 valde

103 409 204 447 jocose
219 416 262 440 est
273 411 311 440 ad
328 411 364 440 P.
380 411 518 441 Sextium
535 411 654 451 scripta,
666 411 810 449 conjicere
825 411 903 446 licet,
917 419 988 439 eum

105 451 237 482 facetum
254 459 306 482 aut
326 454 428 491 fuisse,
450 461 503 484 aut
519 454 611 484 videri
632 454 780 483 voluisse:
805 459 835 482 et
854 459 898 482 est
912 452 989 482 forte

105 494 167 531 ille,
184 505 275 535 quem
293 495 432 527 Catullus
446 497 633 537 perstrinxit,
645 506 832 537 quamquam
848 495 890 524 ibi
902 495 988 525 aliter

105 537 178 577 legit
192 538 327 577 Vossius,
344 550 374 580 p.
395 545 463 570 loz.
487 542 552 570 Att.
571 538 667 577 VIII,
694 542 740 570 15.
756 539 828 579 quia
845 548 916 567 cum
930 538 989 567 im-

107 581 189 620 perio
205 588 259 619 est,
276 589 373 622 potest
387 593 458 613 cum
479 582 626 623 Pompeio
641 583 672 612 in
688 582 838 612 Graeciam
853 580 988 610 transire.

105 623 178 652 ibid.
195 623 256 663 XI,
273 627 302 659 7.
328 626 429 656 Caesar
443 626 600 666 permittit,
611 632 646 655 ut
656 625 774 663 iisdem,
787 623 898 665 quibus
908 630 989 660 ante,

107 666 262 697 lictoribus
274 674 418 706 uteretur,
433 670 487 699 etsi
503 670 620 699 SCtum
635 668 829 709 improbaret,
846 676 906 707 quo
928 666 992 706 ipse

108 709 220 749 aliique
245 717 312 751 post
334 712 441 751 fugam
460 712 550 742 tribb.
567 711 609 751 pl.
629 711 791 751 imperium
807 715 992 750 acceperant.

108 751 148 781 ad
163 754 236 782 Div.
258 754 294 790 V,
311 755 362 784 20.
378 755 549 795 pecuniam,
561 764 653 794 quam
665 753 831 783 Mescinius
847 752 990 782 Rufusin

108 794 179 824 fano
197 795 384 836 deposuerat,
410 798 526 833 aufert,
558 807 595 826 ex
621 806 682 838 quo
708 796 896 836 intelligitur,
921 804 993 824 eum

109 838 248 868 Ciliciam
266 840 440 870 obtinuisse.
465 841 503 870 V.
527 842 627 870 (J'rraev.
648 839 688 869 ad
714 849 762 879 ep.
784 841 800 874 7
818 839 888 868 libri
904 837 992 867 vlu

109 881 148 910 ad
164 883 230 911 Att.
246 883 362 912 Praetor
375 884 434 913 1'uit
445 884 486 913 A.
504 886 576 918 700.

158 926 194 954 Τ.
211 927 333 955 Saucius
350 927 470 963 Gallus,
482 927 553 956 Mil.
565 929 616 956 31.
628 925 713 955 Ante
724 923 886 954 sacrarium
897 923 994 953 Bonae

111 965 198 1004 Deae,
214 969 295 1008 quod
310 969 342 997 in
356 969 452 999 fundo
464 980 528 1009 ejus
542 969 611 1006 fuit,
628 978 759 1009 primam
773 967 897 1008 plagam
912 976 994 996 acce-

111 1010 157 1050 pit
173 1012 210 1040 P.
228 1011 362 1041 Clodius.

154 1056 287 1091 Sextias,
310 1058 378 1084 Λα.
396 1054 495 1092 XIII,
519 1057 549 1085 2.
570 1054 718 1095 parochus
739 1052 891 1094 publicus,
914 1051 945 1081 h.
967 1061 994 1081 e.

110 1096 164 1136 qui
189 1099 310 1137 publico
328 1099 450 1128 nomine
472 1100 588 1139 excepit
604 1097 795 1133 Ariarathen,
811 1096 995 1125 Ariobarza-

110 1139 158 1168 nis
173 1141 283 1177 filium,
305 1141 439 1171 Romam
454 1143 632 1171 venientem.
658 1144 810 1178 Quaestor,
827 1139 903 1168 circa
917 1145 995 1167 tem-

111 1192 168 1222 pus
184 1193 244 1222 quo
260 1184 324 1213 haec
338 1184 462 1224 epistola
477 1192 587 1225 scripta
597 1194 650 1220 est,
666 1184 726 1212 tuit
740 1183 779 1212 L.
795 1181 928 1217 sextius,
941 1180 995 1220 qui

111 1231 179 1264 post
194 1226 242 1255 M.
259 1226 350 1256 Bruti
365 1235 549 1268 proquaestor
571 1228 602 1256 in
619 1225 812 1262 Macedonia,
829 1231 859 1254 et
872 1227 916 1254 A.
932 1225 994 1258 750

112 1269 217 1297 consul
231 1269 309 1304 fuit;
334 1270 410 1299 forte
425 1274 462 1300 Β.
478 1271 566 1305 iilius,
583 1270 620 1299 de
632 1279 692 1309 quo
708 1278 808 1308 supra.

155 1313 281 1350 Sibylla,
294 1313 365 1342 niv.
382 1314 411 1350 I,
435 1317 479 1344 18.
503 1313 671 1353 hrytliraea.
685 1310 730 1348 II,
744 1313 795 1340 04.
809 1311 873 1349 ejus
885 1319 998 1340 versus.

113 1353 202 1383 Verr.
218 1355 255 1393 V,
272 1359 322 1385 49.
338 1355 408 1384 libri
420 1356 572 1396 sibyllini,
587 1358 643 1385 &c-

158 1400 242 1434 Stca,
263 1402 301 1427 ad
316 1398 388 1427 ΒΝ.
403 1398 498 1436 Alv,
515 1401 544 1428 4.
570 1401 616 1428 15.
641 1398 706 1427 Att.
721 1394 819 1433 VIII,
841 1399 886 1426 12.
912 1394 996 1433 XII,

114 1442 166 1470 23.
184 1444 240 1470 oce.
256 1441 412 1471 familiaris
427 1442 589 1472 Ciceronis.
613 1442 652 1471 In
668 1442 732 1479 ejus
742 1439 854 1480 praeuio
866 1438 997 1469 diversa-

114 1490 163 1513 tus
179 1490 223 1513 est
238 1485 351 1518 Cicero,
368 1485 470 1514 abiens
485 1485 516 1513 in
532 1484 684 1520 exsilium,
695 1486 762 1513 Att.
775 1481 839 1519 III,
857 1486 886 1511 2.
909 1482 995 1511 Add.

114 1527 270 1556 Plutarch.
283 1527 315 1556 in
331 1527 426 1557 Cicer.
442 1538 472 1568 p.
492 1529 563 1562 877.
580 1528 633 1557 ubi
657 1529 756 1556 Vibius
771 1526 895 1556 ,siculus
911 1535 997 1555 voca-

116 1575 166 1598 tur
179 1581 186 1599 :
204 1569 228 1599 si
239 1577 340 1599 tamen
355 1570 392 1599 de
407 1570 510 1600 effidem
523 1580 554 1600 re
566 1570 725 1611 utrobique
734 1579 830 1598 sermo
842 1575 895 1598 est.
918 1567 998 1607 Ejus

116 1622 195 1642 uxor
210 1613 327 1642 videtur
340 1614 432 1643 fuisse
447 1613 602 1654 Septimia.
626 1616 692 1643 Att.
708 1612 803 1650 Avi,
820 1615 832 1640 l
846 1615 868 1641 1.

163 1658 197 1686 C.
213 1657 358 1693 Sicinius,
371 1656 460 1686 Brut.
474 1659 523 1691 715.
534 1661 576 1694 Q.
590 1656 742 1696 Pompeii,
755 1655 809 1696 qui
817 1664 920 1685 censor
930 1653 1001 1690 fuit,

120 1708 157 1728 ex
179 1699 243 1729 tilia
263 1709 365 1740 nepos
390 1699 580 1737 Quaestorius
594 1705 731 1729 mortuus
752 1704 814 1729 est:
840 1697 1004 1738 probabilis

121 1747 227 1771 orator.
