1137 1848
229 39 378 70 INDEX
402 39 770 71 GEOGRAPHICUS.
901 39 942 68 83

59 135 127 155 mea
141 125 198 155 fert
213 125 324 166 opinio,
341 126 397 156 ulli
412 132 492 157 sunt.
515 126 610 166 Apud
626 126 734 156 Horat.
754 125 858 156 Carm.
877 123 942 159 III,

60 169 92 205 4,
109 178 163 208 pro
184 168 312 205 Ferenti,
332 169 496 209 legendum
519 179 535 199 e
554 169 650 199 MSS.
675 175 704 200 et
729 168 796 199 edd.
818 168 944 208 quibus-

60 210 129 241 dam
143 220 213 240 cum
225 211 430 252 Cuningamio
443 212 561 242 Forenti
572 224 581 242 :
599 218 628 241 et
638 212 794 242 Ferentani
808 211 942 252 Apuliae,

59 253 141 293 apud
166 254 303 291 Livium,
322 254 477 295 depravati
498 260 579 291 sunt,
603 261 637 285 ut
652 255 726 284 vidit
746 255 778 284 J.
794 254 847 284 Fr.
866 254 945 284 Gro-

58 296 176 334 novius,
194 297 418 338 legendumque
436 298 593 328 Forentani
609 307 625 327 e
640 298 734 328 MSS.
752 296 813 332 IX,
833 297 891 331 l5;
917 302 945 326 et

59 339 119 368 alio
133 340 198 370 loco
215 341 373 370 Forentum
382 350 437 380 pro
454 341 622 378 Ferentum,
634 340 676 371 ib.
694 351 719 371 c.
736 342 789 377 20,
803 345 838 369 ut
853 340 943 369 etiam

59 380 188 412 Dukero
203 388 233 412 et
247 382 404 413 Drakenb.
420 383 526 423 placet.
549 384 699 413 Ferentini
719 388 789 413 sunt
804 382 835 412 in
852 382 942 412 Latio

59 429 89 453 et
104 424 238 456 Etruria.
261 426 359 456 Aliter
374 431 476 456 tamen
488 426 592 457 statuit
609 425 720 457 Cellar.
742 427 781 455 G.
800 425 840 455 A.
858 425 896 455 T.
914 424 942 461 I,

102 511 225 549 Fesuhe,
241 511 331 542 Catil.
348 511 395 551 II,
411 513 442 548 9,
466 511 531 548 III,
548 513 579 549 6,
596 512 742 553 oppidum
759 511 832 541 olim
848 511 943 541 Etru-

57 552 109 582 riae
134 553 173 583 ad
197 555 353 594 Apennini
376 555 489 585 radices
512 565 606 596 prope
630 554 825 585 Florentiam.
857 554 943 585 Sulla

58 596 205 626 coloniam
220 597 263 627 ibi
279 597 444 628 constituit.
468 598 559 628 Unde

103 639 132 668 F
131 640 252 677 esulam',
268 640 353 671 Mur.
369 642 421 670 24.

103 682 260 720 Fibrenus,
277 683 354 724 Leg.
372 682 418 721 II,
436 685 466 720 1,
486 683 607 722 fluvius,
623 684 677 724 qui
692 694 746 725 per
762 683 942 724 Arpinatem

59 722 212 756 Ciceronis
226 725 359 756 fundum
373 726 534 756 ferebatur.

103 768 131 797 F
132 768 266 806 iculense,
283 769 321 799 ad
337 770 403 800 Att.
419 768 501 807 XII,
518 770 570 806 34,
590 769 738 810 praedjum
759 780 853 810 prope
867 770 941 798 viam

60 810 88 840 F
88 811 252 848 iculensem,
266 822 335 852 quae
346 822 457 842 nomen
467 812 574 842 habuit
584 823 601 843 a
611 812 701 843 veteri
714 814 788 843 urbe
805 813 832 842 F
834 810 927 843 iculeci
932 834 941 847 ,

59 863 82 883 s.
101 854 129 883 F
129 853 256 891 iculned,
273 855 368 888 (unde
386 861 415 885 et
439 855 468 885 F
469 856 612 885 iculnense
633 855 784 893 scribitur)
802 855 834 885 in
855 855 942 885 Sabi-

58 896 116 934 nis,
133 897 213 927 ultra
228 897 356 928 Sacrum
371 897 524 929 Montem.

103 940 130 969 F
130 941 231 978 idenoe,
247 940 356 980 Agrar.
373 939 420 978 ΙΙ,
436 942 490 978 35,
506 940 654 982 oppidum
670 941 862 971 Sabinorum.

102 983 247 1020 Firmum,
264 983 303 1013 ad
319 984 385 1013 Att.
400 983 498 1020 VIII,
526 985 576 1020 12,
592 983 740 1025 oppidum
755 984 786 1013 in
803 993 874 1024 agro
890 983 945 1013 Pi-

58 1034 151 1055 ceno:
175 1026 256 1056 unde
272 1027 415 1064 Firmani,
433 1027 515 1056 Phil.
531 1026 610 1064 VII,
628 1028 658 1056 8.

102 1069 246 1098 Flaminia
260 1070 316 1107 via,
333 1069 545 1110 antiquissima
563 1076 593 1100 et
614 1069 818 1105 celeberrima,
840 1068 942 1099 Rom&

57 1110 171 1141 ferebat
182 1122 235 1151 per
250 1111 408 1142 Etruriam
421 1113 599 1142 Ariminum
614 1123 728 1153 usque:
754 1118 896 1143 straverat
907 1111 942 1141 C.

58 1153 228 1185 Flaminius
242 1164 345 1185 censor
367 1155 407 1186 A.
421 1157 461 1186 U.
477 1156 540 1185 533
555 1167 562 1185 :
587 1155 669 1185 unde
693 1165 804 1185 nomen
830 1155 944 1185 sortita.

58 1196 177 1235 Strabo,
193 1197 245 1228 lib.
262 1198 294 1228 V
296 1220 305 1234 ,
321 1209 353 1239 p,
371 1199 445 1237 333,
457 1198 503 1229 ed.
517 1208 585 1228 nov.
603 1204 632 1229 et
648 1198 820 1238 Bergierius
836 1198 873 1228 de
888 1197 943 1227 viis

58 1239 151 1269 Rom.
166 1241 251 1279 publ.
269 1240 333 1279 III,
359 1242 411 1280 21,
428 1242 482 1282 qui
502 1242 681 1272 Strabonem
703 1242 846 1282 sequitur.
875 1240 944 1270 Liv.

58 1281 222 1320 XXXIX,
240 1285 272 1320 2,
288 1283 361 1314 dicit
375 1284 541 1315 aBononifi
556 1284 595 1314 ad.
611 1284 767 1314 Arretium
782 1294 800 1313 a
816 1284 853 1314 L.
872 1283 943 1313 Fla-

58 1324 153 1355 minio
169 1332 293 1356 stratam
316 1337 378 1356 esse
393 1327 473 1357 viam
487 1338 496 1363 3
521 1327 571 1357 sed
587 1338 622 1357 ea
644 1327 703 1356 alia
718 1327 766 1356 via
781 1330 824 1357 est
837 1338 845 1356 ι
869 1336 942 1356 nam

57 1366 110 1396 ina
124 1378 142 1398 a
157 1378 287 1405 censore,
304 1369 379 1407 haec,
393 1376 429 1400 ut
440 1370 547 1400 Livius
557 1369 665 1400 diserte
674 1369 775 1408 tradit,
788 1380 806 1399 a
821 1369 942 1400 consule

58 1409 210 1441 Flaminio
225 1418 318 1442 strata
332 1419 385 1443 est.

102 1453 297 1484 Flumentana
309 1461 391 1493 porta
407 1455 528 1491 Romae,
544 1456 583 1486 ad
599 1455 662 1485 Att.
678 1454 757 1492 VII,
775 1457 803 1485 4.

101 1495 234 1535 Formiae,
250 1497 452 1538 municipium
468 1498 551 1528 Latii
565 1499 597 1528 in
614 1498 776 1528 Auruncis.

102 1539 299 1578 Formianum,
327 1541 365 1570 ad
384 1541 448 1571 Att.
472 1541 497 1578 Ι,
519 1543 550 1579 4,
568 1541 716 1582 praedium
741 1540 895 1572 Ciceronis
910 1541 942 1570 in

57 1581 314 1654 {tgroXFoffmiano
336 1594 430 1625 prope
450 1584 606 1615 Caietam:
630 1585 663 1615 it.
680 1595 726 1626 ep.
747 1585 796 1623 10,
812 1583 851 1615 ad
866 1583 939 1614 Div.

69 1624 110 1653 ib.
159 1624 190 1655 V
212 1646 220 1655 .

100 1667 302 1706 Formianum,
318 1669 356 1699 ad
374 1669 438 1702 Att.
453 1669 529 1707 XV,
546 1671 594 1707 13,
607 1670 755 1711 praedium
772 1669 940 1701 Dolabellae

57 1719 149 1749 prope
165 1710 310 1742 Formias.
