1122 1868
175 81 238 111 352
393 80 540 113 INDEX
565 81 850 114 HISTORICUS.

177 166 209 196 in
221 165 366 206 petitione
381 167 550 199 tribunatus
561 169 604 209 pl.
619 168 771 209 repulsam
792 167 873 198 tulit.
896 165 952 197 Or.
969 165 997 201 1,
1012 166 1067 196 4⁰.

180 209 321 240 tribunus
340 210 382 251 pl.
399 220 433 240 eo
448 221 538 249 anno,
555 222 616 252 quo
632 212 797 241 Mancinus
813 221 882 241 cum
899 210 930 240 N
935 208 1068 240 umanti-

181 252 228 281 nis
243 251 340 282 foedus
355 253 433 283 fecit.
450 254 555 284 Rabir.
575 254 665 284 Perd.
694 255 724 289 7.
750 260 854 291 contra
868 252 1068 284 Saturninum

182 300 251 324 stat.
281 296 370 325 Offic.
389 295 453 333 ΙΙΙ,
471 300 499 326 2.
524 297 696 327 Panaetium
722 297 759 327 de
780 295 986 337 praetermissis
1007 303 1069 323 non

182 338 397 377 reprehensum
414 339 496 377 dicit,
513 346 635 381 propter
659 350 775 376 eorum,
800 350 869 380 quae
890 337 1071 379 perfecisset,

182 381 398 420 praestantiam.
422 382 490 412 Fin.
510 382 536 419 Ι,
553 385 583 412 3.
605 383 696 413 libros
720 382 822 412 edidit.
854 381 921 412 Att.
939 380 1000 418 IV,
1021 382 1070 410 16.

183 423 325 454 inductus
340 435 358 454 a
373 424 517 455 Cicerone
532 426 562 455 in
582 426 666 456 libris
690 425 740 455 De
761 424 942 466 Republica.
965 423 1022 453 Or.
1040 422 1070 460 Ι,

185 467 236 495 53.
273 467 361 496 Brut.
378 470 429 497 29.
446 467 619 505 damnatur,
636 468 708 509 quia
723 468 813 498 nimis
829 467 958 497 tenuiter
972 476 1002 496 se
1020 464 1072 495 de-

184 508 267 539 fendi
281 510 387 547 voluit,
404 516 433 539 et
449 521 465 540 a
482 522 511 540 se
528 511 653 551 aliisque
669 510 808 540 defensus
824 516 878 540 est.
912 509 1002 539 Balb.
1022 511 1071 537 13.

184 551 347 582 damnatur
362 554 400 582 ab
416 554 580 593 equitibus,
597 553 690 594 quod,
707 553 738 583 in
754 553 835 583 Asi-52
851 558 1072 593 quaestor,pro-

184 594 325 625 vinciales
341 606 359 624 a
374 596 606 635 publicanorum
627 595 746 635 injuriis
762 595 945 625 defenderat.
969 595 1075 634 Smyr-

185 646 233 667 nae
248 637 279 666 in
296 638 401 667 exsilio
427 638 513 668 vixit.
537 639 585 669 Cf.
604 639 676 669 Nat.
697 638 738 668 D.
756 638 824 675 ΙΙΙ,
846 641 899 668 32.
920 643 950 667 et
974 636 1073 666 Tacit.

186 680 272 709 Ann.
290 681 351 717 IV,
368 684 420 710 43.
445 681 534 711 Font.
554 685 601 712 13.
617 682 729 721 injuste
744 681 906 711 damnatus
926 685 978 710 est.
1011 679 1076 709 Ra-

186 723 243 752 bir.
265 722 347 753 Post.
368 727 416 754 10.
443 724 651 755 crudelitatem
668 723 857 754 Mithridatis
872 723 990 763 effugit,
1005 732 1076 751 mu-

184 770 248 795 tato
263 766 371 796 habitu
387 767 539 803 Romano,
568 773 600 797 et.
619 767 725 797 Graeco
740 772 883 797 assumto.
917 764 1076 795 Laudatur

186 808 207 837 1.
225 818 249 838 c.
266 809 369 839 Pison.
386 810 437 840 39.
461 810 564 840 Scaur.
580 810 617 840 fr.
634 814 663 840 2.
679 809 714 841 Si
726 819 797 840 vera
812 815 855 839 est
866 808 966 845 lectio,
980 808 1074 837 Tusc.

188 850 250 889 IV,
272 854 320 883 17.
340 852 394 882 ubi
419 852 540 890 dicitur,
559 853 594 883 P.
611 852 766 883 Rutilium
781 858 939 882 mortuum
955 860 1017 881 esse
1038 851 1078 881 ob

188 894 289 924 fratris
315 895 489 936 repulsam3
514 895 551 925 de
580 896 637 926 hoc
661 895 870 935 accipiendum
895 904 957 924 esse
981 899 1076 934 puto:

189 947 274 975 narn,
301 937 377 968 Lael.
395 941 448 976 20,
466 938 503 967 L.
521 939 669 975 Rutilius,
697 938 792 968 Publ.
808 937 910 974 frater,
926 937 1080 977 repulsam

188 980 291 1010 tulisse
306 980 426 1011 dicitur.
448 981 557 1010 Alium
574 987 676 1011 autern
693 981 729 1010 P.
746 980 901 1010 Rutilium
916 979 942 1010 ei
954 980 1079 1009 fratrem

188 1023 291 1059 fuisse,
308 1024 373 1063 qui⁷
388 1023 470 1064 quod
482 1024 622 1061 Publius,
638 1030 742 1064 petens
758 1033 827 1053 cum
841 1024 964 1059 Scauro,
977 1021 1080 1062 repul-

188 1076 253 1096 sam
276 1067 403 1104 tulisset,
426 1072 565 1096 mortuus
587 1066 635 1103 sit,
661 1072 695 1096 ut
716 1066 835 1096 videtur
860 1065 999 1102 Davisio,
1027 1064 1080 1095 vix

187 1109 265 1138 mihi
285 1109 494 1149 persuadeam.
520 1109 580 1139 Sed
597 1109 757 1139 Manutius
775 1109 849 1149 legit
871 1110 909 1138 P.
928 1108 1081 1147 Rupilius.

188 1151 295 1182 Etiam
312 1152 389 1182 Lael.
406 1153 426 1182 1.
446 1162 471 1182 c.
489 1153 641 1190 Rupilius,
658 1162 713 1192 pro
732 1154 876 1187 Rutilius,
900 1151 1008 1191 legunt
1023 1149 1080 1180 viri

189 1194 278 1224 docti.
304 1194 343 1224 V.
362 1195 508 1236 Pighium
524 1195 562 1225 ad
579 1196 617 1225 A.
640 1196 714 1231 605,
739 1195 758 1223 Γ
761 1195 814 1234 21,
842 1194 896 1235 qui
917 1199 946 1224 et
971 1194 1022 1223 hic
1049 1199 1079 1223 et

189 1237 263 1267 alibi
278 1237 360 1268 hunc
374 1239 475 1268 locum
491 1248 608 1278 semper
622 1238 665 1268 ita
685 1237 809 1278 profert,
836 1243 994 1277 tamquam
1011 1237 1080 1266 Ru-

189 1282 278 1319 pilius
307 1281 434 1321 legatur.
469 1281 505 1310 P.
531 1281 696 1321 Rupilium
723 1280 859 1311 Africani
883 1279 1017 1310 amicitia
1039 1278 1079 1309 ad

190 1323 382 1353 consulatum
402 1323 579 1364 pervenisse,
605 1334 675 1354 cum
700 1323 784 1354 tenui
806 1324 871 1353 loco
886 1328 975 1352 natus
990 1327 1079 1360 esset,

189 1366 227 1396 de
242 1376 276 1396 eo
296 1367 443 1396 convenit.
467 1367 515 1396 Ea
524 1367 589 1406 ipsa
599 1377 645 1396 res
660 1366 731 1397 facit
746 1365 912 1407 probabile,
923 1365 966 1395 ibi
978 1365 1081 1404 legen·

191 1409 266 1438 dum
290 1411 441 1448 Rupilius.
474 1409 556 1439 Nam
584 1409 736 1439 Rutilium
765 1408 904 1439 Africani
933 1407 1081 1448 Scipionis

190 1452 282 1492 opera
306 1452 497 1482 consulatum
524 1459 730 1490 consecutum,
756 1461 846 1481 nemo
874 1451 1080 1480 demonstrare

191 1495 310 1533 poterit.
336 1494 445 1535 Itaque
459 1495 536 1525 rnihi
552 1495 639 1525 valde
659 1496 693 1525 fit
713 1493 891 1525 verosimile,
907 1499 934 1522 et
950 1493 981 1522 in
997 1493 1081 1522 Tus-

193 1537 308 1567 culanis
324 1544 353 1568 et
368 1538 398 1567 in
416 1538 522 1575 Laelio,
544 1539 676 1575 Rupilias
692 1548 755 1568 esse
767 1535 971 1578 reponendos:
988 1535 1080 1576 idque

193 1580 291 1619 placet
312 1581 402 1610 etiam
419 1581 554 1611 Buherio
581 1581 619 1610 ad
643 1581 736 1611 Tusa
752 1581 773 1610 1.
790 1589 815 1609 c.
832 1584 861 1609 et
875 1578 1015 1619 pluribus
1030 1578 1081 1608 de-

194 1622 290 1652 fendit
306 1623 462 1653 Drakenb.
479 1623 515 1653 ad
533 1623 602 1653 Liv.
622 1623 705 1664 Epit.
723 1625 773 1653 59.

239 1666 277 1694 P.
296 1665 441 1705 Rutilius,
458 1666 569 1700 Caecin.
583 1669 632 1696 lo.
650 1666 732 1698 testis
744 1666 776 1696 in
793 1663 971 1701 Caecinam;
987 1664 1081 1695 homo

195 1707 310 1739 nullius
326 1708 406 1739 fidei,
