<?xml version="1.0" encoding="UTF-8"?>
<!DOCTYPE html PUBLIC "-//W3C//DTD XHTML 1.0 Transitional//EN"
    "http://www.w3.org/TR/xhtml1/DTD/xhtml1-transitional.dtd">
<html xmlns="http://www.w3.org/1999/xhtml" xml:lang="en" lang="en">
 <head>
  <title>
</title>
<meta http-equiv="Content-Type" content="text/html;charset=utf-8" />
  <meta name='ocr-system' content='tesseract 3.04.00' />
  <meta name='ocr-capabilities' content='ocr_page ocr_carea ocr_par ocr_line ocrx_word'/>
</head>
<body>
  <div class='ocr_page' id='page_1' title='image "./operaern12ciceuoft_0080.png"; bbox 0 0 1122 1868; ppageno 0'>
   <div class='ocr_carea' id='block_1_1' title="bbox 136 58 850 93">
    <p class='ocr_par' dir='ltr' id='par_1_1' title="bbox 136 58 850 93">
     <span class='ocr_line' id='line_1_1' title="bbox 136 58 850 93; baseline 0.004 -6"><span class='ocrx_word' id='word_1_1' title='bbox 136 58 177 87; x_wconf 76' lang='lat'><strong>68</strong></span> <span class='ocrx_word' id='word_1_2' title='bbox 308 59 457 91; x_wconf 83' lang='lat' dir='ltr'>INDEX</span> <span class='ocrx_word' id='word_1_3' title='bbox 481 59 850 93; x_wconf 84' lang='lat' dir='ltr'><strong>GEOGRAPHICUS.</strong></span> 
     </span>
    </p>
   </div>
   <div class='ocr_carea' id='block_1_2' title="bbox 136 143 1039 1775">
    <p class='ocr_par' dir='ltr' id='par_1_2' title="bbox 136 143 1027 228">
     <span class='ocr_line' id='line_1_2' title="bbox 136 143 1025 187; baseline 0.007 -15"><span class='ocrx_word' id='word_1_4' title='bbox 136 143 241 184; x_wconf 84' lang='lat' dir='ltr'>oppidi</span> <span class='ocrx_word' id='word_1_5' title='bbox 255 144 287 174; x_wconf 90' lang='lat' dir='ltr'><strong>in</strong></span> <span class='ocrx_word' id='word_1_6' title='bbox 303 144 412 176; x_wconf 59' lang='lat' dir='ltr'><strong>Caria:</strong></span> <span class='ocrx_word' id='word_1_7' title='bbox 442 146 496 176; x_wconf 80' lang='lat' dir='ltr'><strong>Gr.</strong></span> <span class='ocrx_word' id='word_1_8' title='bbox 512 151 715 183; x_wconf 69' lang='grc' dir='ltr'><strong>Βαργυλιηται.</strong></span> <span class='ocrx_word' id='word_1_9' title='bbox 739 146 830 177; x_wconf 90' lang='lat' dir='ltr'><strong>Unde</strong></span> <span class='ocrx_word' id='word_1_10' title='bbox 846 146 1025 187; x_wconf 77' lang='lat' dir='ltr'><strong>Bargylietae</strong></span> 
     </span>
     <span class='ocr_line' id='line_1_3' title="bbox 139 186 1027 228; baseline 0.007 -13"><span class='ocrx_word' id='word_1_11' title='bbox 139 186 259 217; x_wconf 87' lang='lat' dir='ltr'><strong>malunt</strong></span> <span class='ocrx_word' id='word_1_12' title='bbox 268 188 356 220; x_wconf 77' lang='lat' dir='ltr'><strong>scribi</strong></span> <span class='ocrx_word' id='word_1_13' title='bbox 366 189 421 219; x_wconf 86' lang='lat' dir='ltr'><strong>viri</strong></span> <span class='ocrx_word' id='word_1_14' title='bbox 431 189 518 220; x_wconf 80' lang='lat' dir='ltr'><strong>docti.</strong></span> <span class='ocrx_word' id='word_1_15' title='bbox 530 190 570 220; x_wconf 89' lang='lat' dir='ltr'><strong>V.</strong></span> <span class='ocrx_word' id='word_1_16' title='bbox 583 189 700 220; x_wconf 85' lang='lat' dir='ltr'>Duker.</span> <span class='ocrx_word' id='word_1_17' title='bbox 714 190 752 220; x_wconf 86' lang='lat' dir='ltr'><strong>ad</strong></span> <span class='ocrx_word' id='word_1_18' title='bbox 762 189 831 220; x_wconf 78' lang='lat' dir='ltr'><strong>Liv.</strong></span> <span class='ocrx_word' id='word_1_19' title='bbox 843 189 1027 228; x_wconf 80' lang='lat' dir='ltr'>XXXVII,</span> 
     </span>
    </p>

    <p class='ocr_par' dir='ltr' id='par_1_3' title="bbox 138 271 1030 359">
     <span class='ocr_line' id='line_1_4' title="bbox 185 271 1030 313; baseline 0.006 -12"><span class='ocrx_word' id='word_1_20' title='bbox 185 271 289 311; x_wconf 76' lang='lat' dir='ltr'><strong>Bauli,</strong></span> <span class='ocrx_word' id='word_1_21' title='bbox 306 274 400 306; x_wconf 87' lang='lat' dir='ltr'><strong>Acad.</strong></span> <span class='ocrx_word' id='word_1_22' title='bbox 419 276 480 313; x_wconf 87' lang='lat' dir='ltr'><strong>IV,</strong></span> <span class='ocrx_word' id='word_1_23' title='bbox 497 277 550 311; x_wconf 73' lang='lat'><strong>40,</strong></span> <span class='ocrx_word' id='word_1_24' title='bbox 568 276 640 306; x_wconf 65' lang='lat' dir='ltr'><strong>willa</strong></span> <span class='ocrx_word' id='word_1_25' title='bbox 656 275 813 306; x_wconf 78' lang='lat' dir='ltr'>Hortensii</span> <span class='ocrx_word' id='word_1_26' title='bbox 827 275 905 307; x_wconf 86' lang='lat' dir='ltr'><strong>inter</strong></span> <span class='ocrx_word' id='word_1_27' title='bbox 919 275 1030 307; x_wconf 87' lang='lat' dir='ltr'><strong>Lucri·-</strong></span> 
     </span>
     <span class='ocr_line' id='line_1_5' title="bbox 138 316 725 359; baseline 0.005 -14"><span class='ocrx_word' id='word_1_28' title='bbox 138 324 215 346; x_wconf 90' lang='lat' dir='ltr'><strong>num</strong></span> <span class='ocrx_word' id='word_1_29' title='bbox 230 316 331 348; x_wconf 81' lang='lat' dir='ltr'><strong>lacum</strong></span> <span class='ocrx_word' id='word_1_30' title='bbox 347 325 375 349; x_wconf 91' lang='lat' dir='ltr'><strong>et</strong></span> <span class='ocrx_word' id='word_1_31' title='bbox 390 319 482 349; x_wconf 82' lang='lat' dir='ltr'><strong>Baias</strong></span> <span class='ocrx_word' id='word_1_32' title='bbox 498 319 530 348; x_wconf 87' lang='lat' dir='ltr'><strong>in</strong></span> <span class='ocrx_word' id='word_1_33' title='bbox 546 319 725 359; x_wconf 41' lang='lat' dir='ltr'><strong>Campani&amp;</strong></span> 
     </span>
    </p>

    <p class='ocr_par' dir='ltr' id='par_1_4' title="bbox 181 358 778 402">
     <span class='ocr_line' id='line_1_6' title="bbox 181 358 778 402; baseline 0.007 -14"><span class='ocrx_word' id='word_1_34' title='bbox 181 358 343 399; x_wconf 80' lang='lat' dir='ltr'><strong>Bellovaci,</strong></span> <span class='ocrx_word' id='word_1_35' title='bbox 357 362 465 402; x_wconf 86' lang='lat' dir='ltr'><strong>populi</strong></span> <span class='ocrx_word' id='word_1_36' title='bbox 474 362 506 391; x_wconf 87' lang='lat' dir='ltr'><strong>in</strong></span> <span class='ocrx_word' id='word_1_37' title='bbox 523 361 627 392; x_wconf 54' lang='lat' dir='ltr'><strong>Gallia</strong></span> <span class='ocrx_word' id='word_1_38' title='bbox 641 361 778 401; x_wconf 55' lang='lat' dir='ltr'><strong>Belgica.</strong></span> 
     </span>
    </p>

    <p class='ocr_par' dir='ltr' id='par_1_5' title="bbox 182 403 888 445">
     <span class='ocr_line' id='line_1_7' title="bbox 182 403 888 445; baseline 0.003 -12"><span class='ocrx_word' id='word_1_39' title='bbox 182 403 395 441; x_wconf 53' lang='lat' dir='ltr'><strong>Romanum,</strong></span> <span class='ocrx_word' id='word_1_40' title='bbox 409 404 557 445; x_wconf 86' lang='lat' dir='ltr'><strong>oppidum</strong></span> <span class='ocrx_word' id='word_1_41' title='bbox 577 404 773 435; x_wconf 84' lang='lat' dir='ltr'><strong>Samnitium.</strong></span> <span class='ocrx_word' id='word_1_42' title='bbox 795 404 888 435; x_wconf 88' lang='lat' dir='ltr'><strong>Unde</strong></span> 
     </span>
    </p>

    <p class='ocr_par' dir='ltr' id='par_1_6' title="bbox 183 445 662 483">
     <span class='ocr_line' id='line_1_8' title="bbox 183 445 662 483; baseline 0.002 -8"><span class='ocrx_word' id='word_1_43' title='bbox 183 445 420 481; x_wconf 78' lang='lat' dir='ltr'><strong>Beneventanus,</strong></span> <span class='ocrx_word' id='word_1_44' title='bbox 437 448 524 478; x_wconf 83' lang='lat' dir='ltr'><strong>Verr.</strong></span> <span class='ocrx_word' id='word_1_45' title='bbox 545 447 593 483; x_wconf 93' lang='grc' dir='ltr'><strong>ΙΙ,</strong></span> <span class='ocrx_word' id='word_1_46' title='bbox 616 450 662 478; x_wconf 84' lang='grc'><strong>15.</strong></span> 
     </span>
    </p>

    <p class='ocr_par' dir='ltr' id='par_1_7' title="bbox 183 489 842 530">
     <span class='ocr_line' id='line_1_9' title="bbox 183 489 842 530; baseline 0.003 -11"><span class='ocrx_word' id='word_1_47' title='bbox 183 489 300 520; x_wconf 74' lang='lat' dir='ltr'><strong>Bessica</strong></span> <span class='ocrx_word' id='word_1_48' title='bbox 315 501 398 530; x_wconf 85' lang='lat' dir='ltr'><strong>gens,</strong></span> <span class='ocrx_word' id='word_1_49' title='bbox 414 491 446 520; x_wconf 90' lang='lat' dir='ltr'><strong>in</strong></span> <span class='ocrx_word' id='word_1_50' title='bbox 464 491 565 520; x_wconf 87' lang='lat' dir='ltr'><strong>Pison.</strong></span> <span class='ocrx_word' id='word_1_51' title='bbox 581 490 635 527; x_wconf 79' lang='lat'><strong>34,</strong></span> <span class='ocrx_word' id='word_1_52' title='bbox 652 491 684 520; x_wconf 89' lang='lat' dir='ltr'><strong>in</strong></span> <span class='ocrx_word' id='word_1_53' title='bbox 700 490 842 521; x_wconf 57' lang='lat' dir='ltr'><strong>Thraci&amp;⁴</strong></span> 
     </span>
    </p>

    <p class='ocr_par' dir='ltr' id='par_1_8' title="bbox 143 530 1032 617">
     <span class='ocr_line' id='line_1_10' title="bbox 187 530 1032 574; baseline 0.006 -13"><span class='ocrx_word' id='word_1_54' title='bbox 187 530 285 570; x_wconf 81' lang='lat' dir='ltr'><em>Bidis,</em></span> <span class='ocrx_word' id='word_1_55' title='bbox 300 533 389 564; x_wconf 80' lang='lat' dir='ltr'><strong>Verr.</strong></span> <span class='ocrx_word' id='word_1_56' title='bbox 408 532 474 569; x_wconf 96' lang='grc' dir='ltr'>ΙΙΙ,</span> <span class='ocrx_word' id='word_1_57' title='bbox 491 535 543 569; x_wconf 77' lang='grc'>22,</span> <span class='ocrx_word' id='word_1_58' title='bbox 560 533 708 574; x_wconf 87' lang='lat' dir='ltr'><strong>oppidum</strong></span> <span class='ocrx_word' id='word_1_59' title='bbox 728 540 819 564; x_wconf 79' lang='lat' dir='ltr'><strong>tenue</strong></span> <span class='ocrx_word' id='word_1_60' title='bbox 834 533 955 573; x_wconf 72' lang='lat' dir='ltr'><strong>Siciliae,</strong></span> <span class='ocrx_word' id='word_1_61' title='bbox 970 544 1032 566; x_wconf 90' lang='lat' dir='ltr'><strong>non</strong></span> 
     </span>
     <span class='ocr_line' id='line_1_11' title="bbox 143 574 558 617; baseline 0.005 -13"><span class='ocrx_word' id='word_1_62' title='bbox 143 574 233 615; x_wconf 78' lang='lat' dir='ltr'><strong>longe</strong></span> <span class='ocrx_word' id='word_1_63' title='bbox 244 586 262 605; x_wconf 85' lang='lat' dir='ltr'>a</span> <span class='ocrx_word' id='word_1_64' title='bbox 277 576 442 617; x_wconf 83' lang='lat' dir='ltr'><strong>Syracusis.</strong></span> <span class='ocrx_word' id='word_1_65' title='bbox 467 576 558 607; x_wconf 87' lang='lat' dir='ltr'><strong>Unde</strong></span> 
     </span>
    </p>

    <p class='ocr_par' dir='ltr' id='par_1_9' title="bbox 189 618 584 655">
     <span class='ocr_line' id='line_1_12' title="bbox 189 618 584 655; baseline 0.005 -9"><span class='ocrx_word' id='word_1_66' title='bbox 189 618 329 654; x_wconf 75' lang='lat' dir='ltr'><strong><em>Bidinus,</em></strong></span> <span class='ocrx_word' id='word_1_67' title='bbox 345 620 432 650; x_wconf 85' lang='lat' dir='ltr'><strong>Verr.</strong></span> <span class='ocrx_word' id='word_1_68' title='bbox 451 619 517 655; x_wconf 88' lang='grc' dir='ltr'>ΙΙΙ,</span> <span class='ocrx_word' id='word_1_69' title='bbox 535 622 584 648; x_wconf 73' lang='lat'><strong>22.</strong></span> 
     </span>
    </p>

    <p class='ocr_par' dir='ltr' id='par_1_10' title="bbox 184 661 947 703">
     <span class='ocr_line' id='line_1_13' title="bbox 184 661 947 703; baseline 0.004 -12"><span class='ocrx_word' id='word_1_70' title='bbox 184 661 338 701; x_wconf 77' lang='lat' dir='ltr'><strong><em>Bithynia,</em></strong></span> <span class='ocrx_word' id='word_1_71' title='bbox 353 663 435 703; x_wconf 86' lang='lat' dir='ltr'><strong>regio</strong></span> <span class='ocrx_word' id='word_1_72' title='bbox 450 663 531 693; x_wconf 71' lang='lat' dir='ltr'><strong>Asiae</strong></span> <span class='ocrx_word' id='word_1_73' title='bbox 545 662 726 698; x_wconf 78' lang='lat' dir='ltr'><strong>minoris,in</strong></span> <span class='ocrx_word' id='word_1_74' title='bbox 742 664 795 694; x_wconf 63' lang='lat' dir='ltr'><strong>orii</strong></span> <span class='ocrx_word' id='word_1_75' title='bbox 810 663 947 695; x_wconf 57' lang='lat' dir='ltr'><strong>Pontici),</strong></span> 
     </span>
    </p>

    <p class='ocr_par' dir='ltr' id='par_1_11' title="bbox 143 704 1035 1122">
     <span class='ocr_line' id='line_1_14' title="bbox 188 704 1034 744; baseline 0.004 -10"><span class='ocrx_word' id='word_1_76' title='bbox 188 704 386 740; x_wconf 77' lang='lat' dir='ltr'><strong>Blandenona,</strong></span> <span class='ocrx_word' id='word_1_77' title='bbox 411 705 450 735; x_wconf 84' lang='lat' dir='ltr'><strong>ad</strong></span> <span class='ocrx_word' id='word_1_78' title='bbox 476 705 516 743; x_wconf 85' lang='lat' dir='ltr'><strong>Q.</strong></span> <span class='ocrx_word' id='word_1_79' title='bbox 545 705 627 736; x_wconf 84' lang='lat' dir='ltr'><strong>Frat.</strong></span> <span class='ocrx_word' id='word_1_80' title='bbox 653 704 701 742; x_wconf 92' lang='grc' dir='ltr'><strong>ΙΙ,</strong></span> <span class='ocrx_word' id='word_1_81' title='bbox 731 709 782 744; x_wconf 88' lang='grc'><strong>15,</strong></span> <span class='ocrx_word' id='word_1_82' title='bbox 809 716 921 737; x_wconf 90' lang='lat' dir='ltr'><strong>nomen</strong></span> <span class='ocrx_word' id='word_1_83' title='bbox 949 706 1034 738; x_wconf 87' lang='lat' dir='ltr'><strong>urbis</strong></span> 
     </span>
     <span class='ocr_line' id='line_1_15' title="bbox 143 748 1034 790; baseline 0.001 -12"><span class='ocrx_word' id='word_1_84' title='bbox 143 758 238 789; x_wconf 79' lang='lat' dir='ltr'><strong>prope</strong></span> <span class='ocrx_word' id='word_1_85' title='bbox 267 748 467 784; x_wconf 75' lang='lat' dir='ltr'><strong>Placentiam,</strong></span> <span class='ocrx_word' id='word_1_86' title='bbox 491 754 526 778; x_wconf 91' lang='lat' dir='ltr'><strong>ut</strong></span> <span class='ocrx_word' id='word_1_87' title='bbox 549 758 586 778; x_wconf 82' lang='lat' dir='ltr'><strong>ex</strong></span> <span class='ocrx_word' id='word_1_88' title='bbox 609 748 675 788; x_wconf 59' lang='lat' dir='ltr'><strong>ipsa</strong></span> <span class='ocrx_word' id='word_1_89' title='bbox 699 749 825 789; x_wconf 56' lang='lat' dir='ltr'><strong>epistola</strong></span> <span class='ocrx_word' id='word_1_90' title='bbox 842 749 1034 790; x_wconf 83' lang='lat' dir='ltr'><strong>intelligitur,</strong></span> 
     </span>
     <span class='ocr_line' id='line_1_16' title="bbox 144 791 1035 832; baseline 0.003 -12"><span class='ocrx_word' id='word_1_91' title='bbox 144 792 231 830; x_wconf 88' lang='lat' dir='ltr'><strong>cujus</strong></span> <span class='ocrx_word' id='word_1_92' title='bbox 254 791 339 821; x_wconf 84' lang='lat' dir='ltr'><strong>nulla</strong></span> <span class='ocrx_word' id='word_1_93' title='bbox 354 791 385 820; x_wconf 88' lang='lat' dir='ltr'><strong>in</strong></span> <span class='ocrx_word' id='word_1_94' title='bbox 401 791 525 832; x_wconf 84' lang='lat' dir='ltr'><strong>reliquis</strong></span> <span class='ocrx_word' id='word_1_95' title='bbox 546 791 688 822; x_wconf 88' lang='lat' dir='ltr'><strong>omnibus</strong></span> <span class='ocrx_word' id='word_1_96' title='bbox 708 792 794 822; x_wconf 82' lang='lat' dir='ltr'><strong>libris</strong></span> <span class='ocrx_word' id='word_1_97' title='bbox 815 792 939 823; x_wconf 79' lang='lat' dir='ltr'><strong>mentio.</strong></span> <span class='ocrx_word' id='word_1_98' title='bbox 973 792 1035 823; x_wconf 87' lang='lat' dir='ltr'><strong>Sed</strong></span> 
     </span>
     <span class='ocr_line' id='line_1_17' title="bbox 144 833 1032 875; baseline 0.002 -12"><span class='ocrx_word' id='word_1_99' title='bbox 144 841 322 874; x_wconf 74' lang='lat' dir='ltr'><strong>corruptum</strong></span> <span class='ocrx_word' id='word_1_100' title='bbox 348 844 459 864; x_wconf 85' lang='lat' dir='ltr'><strong>nomen</strong></span> <span class='ocrx_word' id='word_1_101' title='bbox 483 833 610 864; x_wconf 81' lang='lat' dir='ltr'><strong>videtur.</strong></span> <span class='ocrx_word' id='word_1_102' title='bbox 643 834 680 864; x_wconf 89' lang='lat' dir='ltr'><strong>P.</strong></span> <span class='ocrx_word' id='word_1_103' title='bbox 699 834 844 865; x_wconf 85' lang='lat' dir='ltr'><strong>Manutio</strong></span> <span class='ocrx_word' id='word_1_104' title='bbox 867 834 1032 875; x_wconf 88' lang='lat' dir='ltr'><strong>legendum</strong></span> 
     </span>
     <span class='ocr_line' id='line_1_18' title="bbox 146 876 1034 919; baseline 0.001 -12"><span class='ocrx_word' id='word_1_105' title='bbox 146 876 315 915; x_wconf 86' lang='lat' dir='ltr'><strong>videbatur,</strong></span> <span class='ocrx_word' id='word_1_106' title='bbox 342 876 459 914; x_wconf 71' lang='lat' dir='ltr'><strong>Laude,</strong></span> <span class='ocrx_word' id='word_1_107' title='bbox 484 879 574 906; x_wconf 77' lang='lat' dir='ltr'><strong>nonis.</strong></span> <span class='ocrx_word' id='word_1_108' title='bbox 605 877 685 907; x_wconf 83' lang='lat' dir='ltr'><strong>Laus</strong></span> <span class='ocrx_word' id='word_1_109' title='bbox 709 878 791 908; x_wconf 91' lang='lat' dir='ltr'><strong>enim</strong></span> <span class='ocrx_word' id='word_1_110' title='bbox 815 884 861 908; x_wconf 85' lang='lat' dir='ltr'><strong>est</strong></span> <span class='ocrx_word' id='word_1_111' title='bbox 885 877 1034 919; x_wconf 87' lang='lat' dir='ltr'><strong>oppidum</strong></span> 
     </span>
     <span class='ocr_line' id='line_1_19' title="bbox 143 919 1031 961; baseline 0.001 -12"><span class='ocrx_word' id='word_1_112' title='bbox 143 930 238 960; x_wconf 86' lang='lat' dir='ltr'>prope</span> <span class='ocrx_word' id='word_1_113' title='bbox 253 919 451 950; x_wconf 76' lang='lat' dir='ltr'><strong>Placentiam.</strong></span> <span class='ocrx_word' id='word_1_114' title='bbox 485 920 525 950; x_wconf 89' lang='lat' dir='ltr'><strong>In</strong></span> <span class='ocrx_word' id='word_1_115' title='bbox 550 919 708 950; x_wconf 84' lang='lat' dir='ltr'><strong>Itinerario</strong></span> <span class='ocrx_word' id='word_1_116' title='bbox 724 920 885 958; x_wconf 84' lang='lat' dir='ltr'><strong>Antonini,</strong></span> <span class='ocrx_word' id='word_1_117' title='bbox 901 931 932 961; x_wconf 88' lang='lat' dir='ltr'><strong>p.</strong></span> <span class='ocrx_word' id='word_1_118' title='bbox 955 924 1031 958; x_wconf 80' lang='lat'><strong>272,</strong></span> 
     </span>
     <span class='ocr_line' id='line_1_20' title="bbox 145 962 1034 1001; baseline 0.002 -9"><span class='ocrx_word' id='word_1_119' title='bbox 145 963 274 993; x_wconf 84' lang='lat' dir='ltr'><strong>occurrit</strong></span> <span class='ocrx_word' id='word_1_120' title='bbox 299 962 452 992; x_wconf 73' lang='lat' dir='ltr'><strong>Blandona</strong></span> <span class='ocrx_word' id='word_1_121' title='bbox 462 975 473 992; x_wconf 91' lang='lat'><em>:</em></span> <span class='ocrx_word' id='word_1_122' title='bbox 497 962 548 993; x_wconf 87' lang='lat' dir='ltr'><strong>sed</strong></span> <span class='ocrx_word' id='word_1_123' title='bbox 563 972 617 993; x_wconf 88' lang='lat' dir='ltr'><strong>nec</strong></span> <span class='ocrx_word' id='word_1_124' title='bbox 632 963 697 993; x_wconf 85' lang='lat' dir='ltr'><strong>loca</strong></span> <span class='ocrx_word' id='word_1_125' title='bbox 711 963 904 1001; x_wconf 85' lang='lat' dir='ltr'><strong>conveniunt,</strong></span> <span class='ocrx_word' id='word_1_126' title='bbox 921 973 976 994; x_wconf 83' lang='lat' dir='ltr'><strong>nec</strong></span> <span class='ocrx_word' id='word_1_127' title='bbox 995 963 1034 994; x_wconf 83' lang='lat' dir='ltr'><strong>il-</strong></span> 
     </span>
     <span class='ocr_line' id='line_1_21' title="bbox 145 1005 1032 1047; baseline 0.002 -12"><span class='ocrx_word' id='word_1_128' title='bbox 145 1005 201 1035; x_wconf 89' lang='lat' dir='ltr'><strong>lud</strong></span> <span class='ocrx_word' id='word_1_129' title='bbox 215 1005 318 1046; x_wconf 86' lang='lat' dir='ltr'><strong>ipsum</strong></span> <span class='ocrx_word' id='word_1_130' title='bbox 332 1016 443 1036; x_wconf 88' lang='lat' dir='ltr'><strong>nomen</strong></span> <span class='ocrx_word' id='word_1_131' title='bbox 459 1016 477 1035; x_wconf 86' lang='lat' dir='ltr'>a</span> <span class='ocrx_word' id='word_1_132' title='bbox 491 1005 660 1046; x_wconf 87' lang='lat' dir='ltr'><strong>suspicione</strong></span> <span class='ocrx_word' id='word_1_133' title='bbox 681 1006 880 1047; x_wconf 83' lang='lat' dir='ltr'><strong>corruptionis</strong></span> <span class='ocrx_word' id='word_1_134' title='bbox 901 1006 1032 1037; x_wconf 89' lang='lat' dir='ltr'><strong>liberum</strong></span> 
     </span>
     <span class='ocr_line' id='line_1_22' title="bbox 146 1049 1033 1089; baseline 0.002 -11"><span class='ocrx_word' id='word_1_135' title='bbox 146 1054 199 1079; x_wconf 83' lang='lat' dir='ltr'><strong>est.</strong></span> <span class='ocrx_word' id='word_1_136' title='bbox 226 1049 262 1078; x_wconf 92' lang='lat' dir='ltr'><strong>In</strong></span> <span class='ocrx_word' id='word_1_137' title='bbox 278 1049 362 1079; x_wconf 87' lang='lat' dir='ltr'><strong>libris</strong></span> <span class='ocrx_word' id='word_1_138' title='bbox 377 1049 509 1089; x_wconf 81' lang='lat' dir='ltr'><strong>antiquis</strong></span> <span class='ocrx_word' id='word_1_139' title='bbox 524 1049 584 1079; x_wconf 87' lang='lat' dir='ltr'><strong>fere</strong></span> <span class='ocrx_word' id='word_1_140' title='bbox 597 1055 640 1079; x_wconf 88' lang='lat' dir='ltr'><strong>est</strong></span> <span class='ocrx_word' id='word_1_141' title='bbox 651 1049 837 1079; x_wconf 79' lang='lat' dir='ltr'><strong>Blandenone</strong></span> <span class='ocrx_word' id='word_1_142' title='bbox 848 1049 880 1078; x_wconf 90' lang='lat' dir='ltr'><strong>in</strong></span> <span class='ocrx_word' id='word_1_143' title='bbox 890 1049 1033 1088; x_wconf 88' lang='lat' dir='ltr'><strong>ablativo,</strong></span> 
     </span>
     <span class='ocr_line' id='line_1_23' title="bbox 146 1091 787 1122; baseline -0.002 -1"><span class='ocrx_word' id='word_1_144' title='bbox 146 1091 228 1121; x_wconf 91' lang='lat' dir='ltr'><strong>unde</strong></span> <span class='ocrx_word' id='word_1_145' title='bbox 244 1101 349 1121; x_wconf 87' lang='lat' dir='ltr'><strong>verum</strong></span> <span class='ocrx_word' id='word_1_146' title='bbox 365 1101 476 1122; x_wconf 90' lang='lat' dir='ltr'><strong>nomen</strong></span> <span class='ocrx_word' id='word_1_147' title='bbox 492 1091 609 1122; x_wconf 85' lang='lat' dir='ltr'><strong>videtur</strong></span> <span class='ocrx_word' id='word_1_148' title='bbox 624 1092 787 1122; x_wconf 74' lang='lat' dir='ltr'><strong>Blandeua.</strong></span> 
     </span>
    </p>

    <p class='ocr_par' dir='ltr' id='par_1_12' title="bbox 150 1134 1036 1215">
     <span class='ocr_line' id='line_1_24' title="bbox 191 1134 1036 1175; baseline 0.002 -11"><span class='ocrx_word' id='word_1_149' title='bbox 191 1134 316 1171; x_wconf 79' lang='lat' dir='ltr'><strong>Boeotz&#39;a,</strong></span> <span class='ocrx_word' id='word_1_150' title='bbox 323 1134 405 1174; x_wconf 85' lang='lat' dir='ltr'><strong>regio</strong></span> <span class='ocrx_word' id='word_1_151' title='bbox 421 1134 557 1171; x_wconf 82' lang='lat' dir='ltr'><strong>Graeciae,</strong></span> <span class='ocrx_word' id='word_1_152' title='bbox 572 1134 826 1175; x_wconf 70' lang='lat' dir='ltr'><strong>Euripo,Attic?1,</strong></span> <span class='ocrx_word' id='word_1_153' title='bbox 843 1134 989 1174; x_wconf 83' lang='lat' dir='ltr'><strong>Phocide,</strong></span> <span class='ocrx_word' id='word_1_154' title='bbox 1005 1141 1036 1166; x_wconf 84' lang='lat' dir='ltr'><strong>et</strong></span> 
     </span>
     <span class='ocr_line' id='line_1_25' title="bbox 150 1176 944 1215; baseline 0.001 -8"><span class='ocrx_word' id='word_1_155' title='bbox 150 1176 280 1207; x_wconf 87' lang='lat' dir='ltr'><strong>Locride</strong></span> <span class='ocrx_word' id='word_1_156' title='bbox 294 1177 399 1207; x_wconf 79' lang='lat' dir='ltr'><strong>cincta.</strong></span> <span class='ocrx_word' id='word_1_157' title='bbox 423 1177 514 1207; x_wconf 87' lang='lat' dir='ltr'><strong>Unde</strong></span> <span class='ocrx_word' id='word_1_158' title='bbox 531 1176 670 1215; x_wconf 73' lang='lat' dir='ltr'><strong>Baeotius,</strong></span> <span class='ocrx_word' id='word_1_159' title='bbox 682 1177 720 1208; x_wconf 92' lang='lat' dir='ltr'><strong>de</strong></span> <span class='ocrx_word' id='word_1_160' title='bbox 734 1177 808 1208; x_wconf 83' lang='lat' dir='ltr'><strong>Div.</strong></span> <span class='ocrx_word' id='word_1_161' title='bbox 827 1176 874 1215; x_wconf 91' lang='lat' dir='ltr'><strong>II,</strong></span> <span class='ocrx_word' id='word_1_162' title='bbox 891 1178 944 1208; x_wconf 84' lang='lat'><strong>26.</strong></span> 
     </span>
    </p>

    <p class='ocr_par' dir='ltr' id='par_1_13' title="bbox 189 1220 754 1261">
     <span class='ocr_line' id='line_1_26' title="bbox 189 1220 754 1261; baseline 0.002 -12"><span class='ocrx_word' id='word_1_163' title='bbox 189 1220 333 1258; x_wconf 74' lang='lat' dir='ltr'><strong>Bononia,</strong></span> <span class='ocrx_word' id='word_1_164' title='bbox 349 1221 421 1250; x_wconf 89' lang='lat' dir='ltr'><strong>urbs</strong></span> <span class='ocrx_word' id='word_1_165' title='bbox 438 1220 547 1250; x_wconf 82' lang='lat' dir='ltr'><strong>Galliae</strong></span> <span class='ocrx_word' id='word_1_166' title='bbox 564 1220 754 1261; x_wconf 83' lang='lat' dir='ltr'><strong>Cispadanae.</strong></span> 
     </span>
    </p>

    <p class='ocr_par' dir='ltr' id='par_1_14' title="bbox 148 1261 1038 1560">
     <span class='ocr_line' id='line_1_27' title="bbox 190 1261 1035 1302; baseline 0.002 -10"><span class='ocrx_word' id='word_1_167' title='bbox 190 1262 283 1292; x_wconf 73' lang='lat' dir='ltr'><strong>Baria</strong></span> <span class='ocrx_word' id='word_1_168' title='bbox 297 1263 346 1293; x_wconf 84' lang='lat' dir='ltr'><strong>vel</strong></span> <span class='ocrx_word' id='word_1_169' title='bbox 362 1261 471 1299; x_wconf 78' lang='lat' dir='ltr'><strong>Borea,</strong></span> <span class='ocrx_word' id='word_1_170' title='bbox 486 1262 525 1292; x_wconf 88' lang='lat' dir='ltr'><strong>ad</strong></span> <span class='ocrx_word' id='word_1_171' title='bbox 539 1262 635 1293; x_wconf 85' lang='lat' dir='ltr'><strong>Attic.</strong></span> <span class='ocrx_word' id='word_1_172' title='bbox 659 1263 756 1300; x_wconf 90' lang='lat' dir='ltr'><strong>XVI,</strong></span> <span class='ocrx_word' id='word_1_173' title='bbox 772 1264 804 1301; x_wconf 89' lang='grc'>4,</span> <span class='ocrx_word' id='word_1_174' title='bbox 821 1264 893 1294; x_wconf 86' lang='lat' dir='ltr'><strong>urbs</strong></span> <span class='ocrx_word' id='word_1_175' title='bbox 907 1262 1035 1302; x_wconf 84' lang='lat' dir='ltr'><strong>Africae,</strong></span> 
     </span>
     <span class='ocr_line' id='line_1_28' title="bbox 148 1305 1038 1347; baseline 0.001 -11"><span class='ocrx_word' id='word_1_176' title='bbox 148 1305 225 1337; x_wconf 79' lang='lat' dir='ltr'><strong>forte</strong></span> <span class='ocrx_word' id='word_1_177' title='bbox 248 1306 287 1336; x_wconf 85' lang='lat' dir='ltr'><strong>ad</strong></span> <span class='ocrx_word' id='word_1_178' title='bbox 310 1305 551 1346; x_wconf 84' lang='lat' dir='ltr'><strong>promontorium</strong></span> <span class='ocrx_word' id='word_1_179' title='bbox 581 1305 707 1336; x_wconf 78' lang='lat' dir='ltr'><strong>Boreum</strong></span> <span class='ocrx_word' id='word_1_180' title='bbox 732 1307 765 1336; x_wconf 91' lang='lat' dir='ltr'><strong>in</strong></span> <span class='ocrx_word' id='word_1_181' title='bbox 794 1305 971 1347; x_wconf 56' lang='lat' dir='ltr'><strong>Cyrenaici,</strong></span> <span class='ocrx_word' id='word_1_182' title='bbox 997 1306 1038 1337; x_wconf 82' lang='lat' dir='ltr'><strong>ad</strong></span> 
     </span>
     <span class='ocr_line' id='line_1_29' title="bbox 148 1348 1035 1390; baseline 0 -10"><span class='ocrx_word' id='word_1_183' title='bbox 148 1349 265 1390; x_wconf 84' lang='lat' dir='ltr'><strong>Syrtim</strong></span> <span class='ocrx_word' id='word_1_184' title='bbox 288 1349 448 1388; x_wconf 84' lang='lat' dir='ltr'><strong>majorem,</strong></span> <span class='ocrx_word' id='word_1_185' title='bbox 470 1348 551 1378; x_wconf 86' lang='lat' dir='ltr'><strong>Plin.</strong></span> <span class='ocrx_word' id='word_1_186' title='bbox 570 1348 613 1386; x_wconf 82' lang='lat' dir='ltr'><strong>V,</strong></span> <span class='ocrx_word' id='word_1_187' title='bbox 630 1351 669 1379; x_wconf 79' lang='lat'><strong>4:</strong></span> <span class='ocrx_word' id='word_1_188' title='bbox 693 1349 746 1379; x_wconf 86' lang='lat' dir='ltr'><strong>sed</strong></span> <span class='ocrx_word' id='word_1_189' title='bbox 770 1359 881 1379; x_wconf 88' lang='lat' dir='ltr'><strong>nomen</strong></span> <span class='ocrx_word' id='word_1_190' title='bbox 905 1349 1035 1380; x_wconf 87' lang='lat' dir='ltr'><strong>dubium</strong></span> 
     </span>
     <span class='ocr_line' id='line_1_30' title="bbox 150 1391 1037 1432; baseline 0 -10"><span class='ocrx_word' id='word_1_191' title='bbox 150 1398 203 1422; x_wconf 75' lang='lat' dir='ltr'><strong>est.</strong></span> <span class='ocrx_word' id='word_1_192' title='bbox 234 1391 411 1432; x_wconf 88' lang='lat' dir='ltr'><strong>Procopius,</strong></span> <span class='ocrx_word' id='word_1_193' title='bbox 429 1396 498 1431; x_wconf 68' lang='grc' dir='ltr'><strong>Περι</strong></span> <span class='ocrx_word' id='word_1_194' title='bbox 512 1403 568 1420; x_wconf 68' lang='grc' dir='ltr'><strong>των</strong></span> <span class='ocrx_word' id='word_1_195' title='bbox 584 1396 775 1429; x_wconf 79' lang='grc' dir='ltr'>Κτισματων,</span> <span class='ocrx_word' id='word_1_196' title='bbox 791 1392 854 1430; x_wconf 89' lang='lat' dir='ltr'><strong>VI,</strong></span> <span class='ocrx_word' id='word_1_197' title='bbox 871 1394 903 1430; x_wconf 78' lang='lat'><strong>2,</strong></span> <span class='ocrx_word' id='word_1_198' title='bbox 919 1401 1037 1422; x_wconf 86' lang='lat' dir='ltr'><strong>memo-</strong></span> 
     </span>
     <span class='ocr_line' id='line_1_31' title="bbox 150 1433 1038 1475; baseline -0.001 -9"><span class='ocrx_word' id='word_1_199' title='bbox 150 1440 198 1467; x_wconf 79' lang='lat' dir='ltr'><strong>rat</strong></span> <span class='ocrx_word' id='word_1_200' title='bbox 208 1435 316 1465; x_wconf 91' lang='lat' dir='ltr'><strong>urbem</strong></span> <span class='ocrx_word' id='word_1_201' title='bbox 331 1434 465 1471; x_wconf 65' lang='lat' dir='ltr'><strong>Barium,</strong></span> <span class='ocrx_word' id='word_1_202' title='bbox 486 1433 627 1464; x_wconf 86' lang='lat' dir='ltr'><strong>ultimam</strong></span> <span class='ocrx_word' id='word_1_203' title='bbox 644 1434 842 1475; x_wconf 80' lang='lat' dir='ltr'><strong>Pentapoleos</strong></span> <span class='ocrx_word' id='word_1_204' title='bbox 857 1445 959 1466; x_wconf 91' lang='lat' dir='ltr'><strong>versus</strong></span> <span class='ocrx_word' id='word_1_205' title='bbox 974 1434 1038 1465; x_wconf 91' lang='lat' dir='ltr'><strong>Oc-</strong></span> 
     </span>
     <span class='ocr_line' id='line_1_32' title="bbox 151 1477 1036 1519; baseline 0 -11"><span class='ocrx_word' id='word_1_206' title='bbox 151 1477 312 1513; x_wconf 86' lang='lat' dir='ltr'><strong>cidentem,</strong></span> <span class='ocrx_word' id='word_1_207' title='bbox 329 1487 398 1517; x_wconf 84' lang='lat' dir='ltr'><strong>quae</strong></span> <span class='ocrx_word' id='word_1_208' title='bbox 413 1482 442 1507; x_wconf 88' lang='lat' dir='ltr'><strong>et</strong></span> <span class='ocrx_word' id='word_1_209' title='bbox 456 1483 641 1507; x_wconf 84' lang='lat' dir='ltr'><strong>memoratur</strong></span> <span class='ocrx_word' id='word_1_210' title='bbox 655 1477 686 1507; x_wconf 90' lang='lat' dir='ltr'><strong>in</strong></span> <span class='ocrx_word' id='word_1_211' title='bbox 703 1477 775 1507; x_wconf 81' lang='lat' dir='ltr'><strong>Itin.</strong></span> <span class='ocrx_word' id='word_1_212' title='bbox 794 1478 909 1508; x_wconf 85' lang='lat' dir='ltr'><strong>Anton.</strong></span> <span class='ocrx_word' id='word_1_213' title='bbox 925 1488 957 1519; x_wconf 89' lang='lat' dir='ltr'><strong>p.</strong></span> <span class='ocrx_word' id='word_1_214' title='bbox 973 1477 1036 1508; x_wconf 84' lang='lat'><strong>66:</strong></span> 
     </span>
     <span class='ocr_line' id='line_1_33' title="bbox 151 1519 673 1560; baseline -0.004 -9"><span class='ocrx_word' id='word_1_215' title='bbox 151 1520 206 1551; x_wconf 91' lang='lat' dir='ltr'><strong>ubi</strong></span> <span class='ocrx_word' id='word_1_216' title='bbox 220 1520 281 1551; x_wconf 77' lang='lat' dir='ltr'><strong>vid.</strong></span> <span class='ocrx_word' id='word_1_217' title='bbox 297 1519 432 1550; x_wconf 69' lang='lat' dir='ltr'><strong>Sui-itam</strong></span> <span class='ocrx_word' id='word_1_218' title='bbox 448 1525 477 1549; x_wconf 88' lang='lat' dir='ltr'><strong>et</strong></span> <span class='ocrx_word' id='word_1_219' title='bbox 489 1519 673 1560; x_wconf 63' lang='lat' dir='ltr'><strong>W&#39;esseling.</strong></span> 
     </span>
    </p>

    <p class='ocr_par' dir='ltr' id='par_1_15' title="bbox 155 1562 1037 1646">
     <span class='ocr_line' id='line_1_34' title="bbox 195 1562 1037 1604; baseline 0.001 -12"><span class='ocrx_word' id='word_1_220' title='bbox 195 1563 352 1602; x_wconf 72' lang='lat' dir='ltr'><strong>Bosporus,</strong></span> <span class='ocrx_word' id='word_1_221' title='bbox 376 1562 464 1592; x_wconf 88' lang='lat' dir='ltr'><strong>Mur.</strong></span> <span class='ocrx_word' id='word_1_222' title='bbox 491 1564 540 1599; x_wconf 88' lang='lat'><strong>15,</strong></span> <span class='ocrx_word' id='word_1_223' title='bbox 565 1562 690 1600; x_wconf 85' lang='lat' dir='ltr'><strong>fretum,</strong></span> <span class='ocrx_word' id='word_1_224' title='bbox 711 1563 794 1604; x_wconf 88' lang='lat' dir='ltr'><strong>quod</strong></span> <span class='ocrx_word' id='word_1_225' title='bbox 818 1562 1037 1604; x_wconf 84' lang='lat' dir='ltr'><strong>Propontidem</strong></span> 
     </span>
     <span class='ocr_line' id='line_1_35' title="bbox 155 1604 986 1646; baseline -0.002 -8"><span class='ocrx_word' id='word_1_226' title='bbox 155 1613 185 1638; x_wconf 91' lang='lat' dir='ltr'><strong>et</strong></span> <span class='ocrx_word' id='word_1_227' title='bbox 200 1606 336 1636; x_wconf 88' lang='lat' dir='ltr'><strong>Pontum</strong></span> <span class='ocrx_word' id='word_1_228' title='bbox 351 1604 512 1635; x_wconf 82' lang='lat' dir='ltr'><strong>Euxinum</strong></span> <span class='ocrx_word' id='word_1_229' title='bbox 528 1606 690 1636; x_wconf 86' lang='lat' dir='ltr'><strong>committit</strong></span> <span class='ocrx_word' id='word_1_230' title='bbox 703 1617 711 1636; x_wconf 75' lang='grc' dir='ltr'>ε</span> <span class='ocrx_word' id='word_1_231' title='bbox 736 1617 754 1636; x_wconf 88' lang='lat' dir='ltr'>a</span> <span class='ocrx_word' id='word_1_232' title='bbox 768 1616 829 1646; x_wconf 91' lang='lat' dir='ltr'><strong>quo</strong></span> <span class='ocrx_word' id='word_1_233' title='bbox 843 1606 986 1636; x_wconf 85' lang='lat' dir='ltr'><strong>dicuntur</strong></span> 
     </span>
    </p>

    <p class='ocr_par' dir='ltr' id='par_1_16' title="bbox 153 1648 1039 1727">
     <span class='ocr_line' id='line_1_36' title="bbox 197 1648 1039 1690; baseline 0.001 -11"><span class='ocrx_word' id='word_1_234' title='bbox 197 1649 368 1689; x_wconf 73' lang='lat' dir='ltr'><strong>Bosporani,</strong></span> <span class='ocrx_word' id='word_1_235' title='bbox 382 1648 421 1678; x_wconf 89' lang='lat' dir='ltr'><strong>L.</strong></span> <span class='ocrx_word' id='word_1_236' title='bbox 436 1648 525 1678; x_wconf 88' lang='lat' dir='ltr'><strong>Man.</strong></span> <span class='ocrx_word' id='word_1_237' title='bbox 542 1649 574 1687; x_wconf 84' lang='lat'><strong>4,</strong></span> <span class='ocrx_word' id='word_1_238' title='bbox 584 1648 691 1689; x_wconf 88' lang='lat' dir='ltr'><strong>populi</strong></span> <span class='ocrx_word' id='word_1_239' title='bbox 705 1648 744 1679; x_wconf 87' lang='lat' dir='ltr'><strong>ad</strong></span> <span class='ocrx_word' id='word_1_240' title='bbox 759 1649 934 1690; x_wconf 86' lang='lat' dir='ltr'><strong>Bosporum</strong></span> <span class='ocrx_word' id='word_1_241' title='bbox 948 1648 1039 1680; x_wconf 81' lang='lat' dir='ltr'><strong>Asia-</strong></span> 
     </span>
     <span class='ocr_line' id='line_1_37' title="bbox 153 1703 215 1727; baseline -0.065 0"><span class='ocrx_word' id='word_1_242' title='bbox 153 1703 215 1727; x_wconf 82' lang='lat' dir='ltr'><strong>tlci.</strong></span> 
     </span>
    </p>

    <p class='ocr_par' dir='ltr' id='par_1_17' title="bbox 198 1733 953 1775">
     <span class='ocr_line' id='line_1_38' title="bbox 198 1733 953 1775; baseline -0.003 -8"><span class='ocrx_word' id='word_1_243' title='bbox 198 1736 374 1773; x_wconf 82' lang='lat' dir='ltr'><strong>Bovianum,</strong></span> <span class='ocrx_word' id='word_1_244' title='bbox 391 1733 512 1765; x_wconf 71' lang='lat' dir='ltr'><strong>Cluent.</strong></span> <span class='ocrx_word' id='word_1_245' title='bbox 530 1734 582 1773; x_wconf 80' lang='lat'><strong>79,</strong></span> <span class='ocrx_word' id='word_1_246' title='bbox 599 1734 745 1775; x_wconf 86' lang='lat' dir='ltr'><strong>oppidum</strong></span> <span class='ocrx_word' id='word_1_247' title='bbox 759 1734 953 1765; x_wconf 84' lang='lat' dir='ltr'><strong>Samnitium.</strong></span> 
     </span>
    </p>
   </div>
  </div>
 </body>
</html>
