1137 1848
319 67 467 99 INDEX
491 67 776 99 HISTORICUS.
927 68 989 104 217

108 153 212 185 conius
235 154 274 184 ad.
295 154 369 184 Div.
385 154 417 184 in
434 153 535 184 Caecil.
551 163 576 183 c.
593 154 624 188 7.
642 158 671 182 et
688 151 838 184 Corradus
854 153 885 183 in
899 152 994 191 Quae.

46 218 48 220 v
108 197 202 235 stura,
219 203 375 238 propterea
398 196 571 237 reprehensi
596 207 615 226 a
630 195 798 233 Perizonio,
824 196 992 228 Animadv-

109 240 191 270 Hist.
207 250 232 270 c.
249 244 278 270 2.
295 251 325 280 p.
342 241 393 270 54.

153 283 210 313 Cn.
233 284 397 320 Dolabella,
423 282 461 312 ad
484 282 558 312 Div.
576 280 623 318 II,
644 282 693 310 15.
717 287 746 311 et
764 282 812 312 16.
839 282 992 315 Ciceronis

107 335 218 365 gener:
236 326 373 356 libertate
383 325 438 355 sua
449 325 600 355 molestias
613 324 670 354 sibi
680 325 836 355 contrahit.
851 326 929 362 VII,
941 329 993 358 33.

107 368 256 398 declamat
281 368 364 409 apud
392 368 577 399 Ciceronem.
604 366 650 403 II,
678 368 727 396 13.
750 368 891 408 Appium
921 370 996 400 Pul-

109 411 216 440 chrum
231 417 359 442 accusat.
382 412 450 441 Att.
475 411 556 447 VII,
575 412 604 440 8.
620 410 715 440 haeres
731 410 765 439 fit
782 410 877 441 Liviae
893 413 995 451 cujus-

109 453 190 483 dam.
207 454 245 483 ad
267 453 338 484 Div.
357 454 416 492 IX,
444 456 492 483 14.
517 454 583 492 ejus
599 453 771 483 consulatus
786 453 938 492 laudatur,
956 457 994 486 ob

109 506 242 526 eversam
268 497 442 527 columnam
464 496 702 527 Caesarianorum
726 495 757 525 in
783 495 858 533 foro,
876 504 905 527 et
931 498 996 528 sed-

108 538 215 568 itiones
230 549 421 580 compressas.
446 540 525 569 Phil.
542 538 569 575 I,
587 542 617 568 2.
633 545 698 568 acta
713 538 744 567 in
761 540 918 570 consulatu
931 548 998 581 post

111 581 240 612 Caesaris
262 589 400 613 mortem.
435 582 515 612 Phil.
529 580 591 617 XI,
621 585 646 611 1.
666 582 826 621 proconsul
849 583 944 623 Syriae
960 584 996 614 C.

112 623 303 655 Trebonium
328 625 477 655 interficit.
505 625 544 654 ad
566 624 638 654 Div.
656 624 738 661 XII,
759 626 807 653 14.
832 626 869 655 ab
885 626 998 656 Antio-

112 666 178 696 chia
193 669 344 706 exclusus,
368 668 550 698 Laodiceam
566 677 597 697 se
612 666 748 696 contulit.
767 667 839 698 ibid.
861 672 908 698 12.
927 679 997 699 cum

111 709 242 740 exercitu
258 721 312 740 suo
336 721 373 741 ex
389 710 475 750 Syria
489 710 519 739 in
538 709 676 740 Ciliciam
692 709 808 740 transit.
830 711 920 741 Brut.
934 713 985 742 92.

154 752 192 782 P.
211 754 371 790 Dolabella,
390 753 501 783 Caecin.
517 753 545 782 8.
562 758 671 792 praetor
686 753 832 791 urbanus,
848 753 887 783 ad
904 764 997 794 quem

111 800 155 825 est
169 801 235 825 acta
247 806 337 826 causa
353 795 490 826 Caecinae.

155 839 194 868 P.
212 839 374 876 Dolabella,
390 838 428 869 ad
444 837 516 868 Div.
533 836 634 874 VIII,
651 839 681 866 4.
705 836 936 875 Quindecimvir
951 839 995 870 fit.

111 880 223 911 Nescio
238 891 277 911 an
293 881 383 911 idem.

158 925 212 954 Cn.
232 924 389 961 Domitius,
407 923 466 954 Cn.
482 923 519 954 F.
537 923 580 964 (v.
605 923 728 954 Sueton.
753 923 827 953 Ner.
848 923 890 960 1.)
909 925 998 956 Brut.

114 969 166 997 26.
191 966 307 997 Consul
323 977 393 997 cum
410 966 444 996 C.
463 965 582 996 Fannio
596 966 655 995 fuit
677 966 733 1006 (A.
750 966 791 995 U.
806 967 891 1006 (331.)
910 968 999 998 Font.

116 1012 166 1039 12.
182 1011 337 1039 Arvernos
353 1015 382 1039 et
397 1010 579 1048 Allobroges
602 1008 681 1038 vicit.
710 1009 795 1039 Yerr.
813 1008 858 1045 ΙΙ,
877 1013 926 1040 55.
946 1021 1001 1052 pro

116 1051 238 1084 Cluent.
256 1053 309 1082 42.
323 1062 425 1083 censor
440 1062 511 1082 cum
532 1051 569 1081 L.
589 1051 728 1087 Metello,
743 1053 782 1081 A.
798 1053 839 1082 U.
856 1054 928 1083 638.

162 1096 220 1125 Cn.
240 1096 386 1125 Domitius
402 1096 510 1125 AEnnb.
528 1094 586 1125 Cn.
604 1094 639 1123 F.
657 1095 699 1135 (v.
714 1094 802 1124 inser.
820 1095 937 1136 antiqu.
953 1106 1002 1137 ap.

117 1138 268 1168 Murator.
283 1138 322 1168 ad
337 1138 379 1167 A.
399 1136 489 1176 657.)
513 1138 570 1167 Cn.
587 1137 628 1167 N.
646 1138 721 1177 Agr.
742 1137 788 1174 II,
806 1139 835 1172 7.
857 1138 887 1167 in
904 1139 1002 1169 tribu-

115 1186 190 1211 natu
207 1180 244 1210 de
259 1181 430 1211 sacerdotiis
445 1180 524 1211 tulit.
545 1184 586 1213 (v.
604 1181 666 1210 Lex
688 1179 843 1219 Dmnilia.)
866 1181 958 1211 Corn.
974 1180 1000 1212 I.

116 1223 217 1254 Caecil.
235 1225 285 1253 20.
310 1223 359 1253 M.
372 1224 511 1254 Silanum
528 1229 626 1253 vexat.
643 1222 697 1254 Or.
710 1223 756 1260 lI,
774 1224 824 1253 56.
848 1224 937 1254 Brut.
950 1228 1002 1256 44.

116 1266 218 1297 Deiot.
234 1265 264 1295 1.
284 1266 399 1296 Consul
415 1276 486 1296 cum
507 1266 611 1297 Cassio
637 1266 788 1305 Longino,
805 1266 847 1296 A.
865 1266 907 1296 U.
927 1268 1001 1306 657,

115 1319 220 1339 censor
235 1319 305 1339 cum
322 1309 360 1338 L.
378 1309 487 1339 Crasso
513 1315 629 1339 oratore
652 1308 720 1338 fuit.
755 1308 910 1339 Dissensio
925 1310 1004 1341 inter

118 1352 207 1392 ipsos.
236 1350 380 1382 Pontifex
396 1362 478 1381 max.
507 1362 525 1381 a
545 1352 613 1382 trib.
630 1352 671 1391 pl.
689 1351 737 1381 M.
755 1352 867 1382 Scauro
883 1363 1003 1384 accusa-

117 1400 178 1424 tur.
202 1394 251 1424 De
263 1394 504 1425 contentionibus
520 1394 650 1424 Domitii
665 1400 694 1424 et
710 1394 811 1424 Crassi
833 1405 1001 1433 censorum,

115 1438 196 1467 locos
211 1443 367 1467 auctorum
384 1437 503 1477 coHegit
524 1436 665 1477 Sigonius
681 1437 711 1466 in
728 1436 836 1473 Fastis,
847 1437 885 1467 ad
903 1439 941 1468 A.
960 1439 1001 1469 U.

118 1480 176 1509 661
194 1491 202 1509 z
227 1486 271 1510 est
285 1480 376 1509 etiam
391 1480 475 1509 locus
487 1479 690 1509 memorabilis
706 1479 788 1519 apud
805 1480 883 1510 Plin.
902 1481 945 1511 H.
959 1482 1005 1512 N.

106 1521 234 1558 -XVIL
255 1523 281 1552 l.
302 1522 350 1553 De
365 1523 430 1563 ipso
446 1533 474 1552 v.
493 1522 617 1552 Sueton.
635 1522 710 1551 Ner.
722 1525 750 1551 ²2.
769 1528 797 1551 et
813 1522 854 1552 ibi
870 1523 1000 1564 interpp.

166 1566 222 1596 Cn.
241 1565 386 1595 Domitius
405 1566 548 1596 diuinus.
571 1565 671 1595 Deiot.
687 1567 715 1594 5.
733 1575 750 1594 a
767 1564 910 1596 Deiotaro
934 1572 1003 1607 post

118 1608 234 1638 bellum
248 1608 334 1638 civile
347 1608 488 1649 recipitur
503 1614 532 1638 et
546 1613 738 1638 sustentatur.
762 1608 835 1638 Coel.
851 1611 900 1638 13.
917 1616 946 1640 et
961 1610 1003 1647 Q.

121 1650 173 1680 Fr.
188 1649 234 1688 11,
256 1653 305 1680 18.
331 1657 441 1691 praetor
467 1650 525 1680 Cn.
542 1650 675 1681 Lentulo
695 1655 725 1680 et
740 1650 778 1680 L.
795 1651 913 1681 Marcio
928 1662 1003 1682 coss.

119 1693 203 1724 Sext.
220 1694 271 1723 53.
295 1693 336 1732 Q.
354 1693 406 1724 Fr.
432 1693 462 1731 Ι,
478 1695 508 1724 2.
522 1694 554 1724 5.
570 1693 638 1724 trib.
654 1693 697 1734 pl.
712 1691 831 1724 Caesare
845 1700 874 1725 et
887 1694 1002 1725 Bibulo

161 1736 310 1774 (Clanis.)
763 1745 787 1766 υ
