1137 1848
254 85 403 117 1NDEX
427 79 710 119 H1sTOR1CUs.
862 87 922 118 361

86 171 127 200 L.
146 171 316 202 Scribonius
334 172 424 210 Libo,
438 171 494 203 Or.
511 172 540 208 I,
557 174 608 203 53.
627 172 767 203 tribunus
779 172 823 213 pl.
843 182 926 213 qnae-

41 213 172 244 stionem
197 214 254 244 fert
274 214 304 244 in
336 215 399 245 Ser.
423 215 556 246 Galbam
578 222 735 257 praetorem
757 215 924 256 Hispaniae.

42 256 112 286 add.
129 257 165 287 de
182 257 237 287 Or.
256 256 298 293 II,
314 258 365 287 65.

88 300 207 348 Scysaegfiz,
233 300 302 330 Att.
318 300 360 338 V,
386 303 414 330 4.
438 299 500 339 VI,
527 304 553 332 l.
579 311 745 342 cognomen
772 301 831 332 Cn.
855 301 929 331 'Pre-

45 343 213 425 m‘ssclgll-Iaoe'
238 385 310 416 Div.
334 385 380 423 II,
407 389 460 417 42.
486 387 746 423 Halicarnasseus,
771 387 929 417 familiaris

46 428 185 463 Panaetii,
206 429 354 459 excellens
370 430 402 459 in
419 430 590 470 astrologifi,
607 430 748 470 idemque
766 430 797 459 in
813 430 931 460 civitate

44 471 100 500 suit
115 471 253 512 princeps
267 482 276 507 3
300 473 439 513 repudiat
449 471 651 503 Chaldaicum
663 472 864 513 praedictionis
879 483 931 513 ge-

44 522 203 597 nuzcylla,
220 556 308 587 Verr.
325 557 386 595 VI,
403 559 454 588 56.
479 558 555 588 Har.
579 558 672 599 Resp.
686 560 736 588 27.
753 557 826 588 Nat.
843 557 884 587 D.
903 557 931 595 Ι,

45 599 298 672 ῗὶἰὲῒηιέἳῗῒῖυῐη,
311 601 349 631 de
364 611 425 642 quo
439 601 537 642 plenae
551 601 663 631 fabulae
678 606 758 631 sunt.
781 601 823 632 V.
838 600 931 631 Ovid.

90 687 219 725 Scyron,
236 686 331 716 Acad.
346 685 406 723 IV,
422 687 474 716 33.
501 686 681 727 Epicureus,
697 692 832 728 tempore
847 686 933 717 Cice-

46 737 136 758 roms.

92 773 227 807 Sebosus,
246 772 310 802 Att.
330 771 377 809 ΙΙ,
399 775 445 803 14.
463 774 512 802 15.
540 771 644 803 Catuli
658 772 826 802 familiaris.
850 771 934 802 Har-

48 813 171 851 duinus,
180 815 217 844 ad
229 815 308 845 Plin.
323 815 384 853 IX,
400 818 448 845 15.
457 821 545 856 putat
557 825 618 845 esse
629 816 760 846 Statium
773 816 932 854 Sebosum,

49 858 137 896 cujus
151 857 194 887 ibi
207 858 329 888 mentio.

92 901 246 938 Sedulius,
260 900 354 931 Dom.
367 902 419 931 30.
435 900 500 930 dux
515 909 681 939 servorum,
697 910 829 941 quorum
844 901 935 942 oper&

49 941 86 972 P.
104 943 228 973 Clodius
244 954 316 974 usus
328 949 381 974 est.

94 987 294 1025 Segavianus,
311 986 349 1016 ad
365 986 439 1016 Div.
456 986 505 1024 X,
530 988 579 1017 17.
600 986 663 1025 sed,
686 995 741 1026 pro
756 985 824 1023 hoc,
845 992 889 1017 est
903 986 935 1016 in

50 1028 213 1058 Graevianiz
229 1031 309 1059 Semi.
330 1030 458 1060 Gavius.

95 1073 238 1110 Segulius
261 1073 374 1110 Labeo,
395 1073 434 1102 ad
456 1071 529 1102 Div.
546 1071 607 1109 XI,
633 1074 684 1109 20,
701 1074 752 1101 21.
775 1071 867 1102 homo
884 1081 938 1102 ne-

52 1115 225 1156 quissimus.
240 1115 444 1146 Octavianum
456 1115 593 1145 Ciceroni
608 1115 719 1144 iratum
737 1115 818 1145 dicit.

95 1159 192 1195 Seius,
211 1159 280 1188 Att.
299 1158 341 1195 V,
361 1159 409 1188 13.
430 1158 556 1188 libertus
576 1164 629 1188 aut
643 1163 818 1198 procurator
834 1157 938 1188 Attici.

49 1200 201 1241 «Iungitur
225 1201 396 1241 Philogeni,
419 1202 473 1242 qui
490 1201 584 1230 Attici
601 1201 726 1230 libertus
747 1205 819 1230 erat.
849 1201 939 1230 Alius

51 1249 96 1274 est
117 1244 157 1274 ad
176 1243 249 1275 Div.
270 1244 352 1281 VII,
374 1248 420 1275 12.
444 1243 497 1274 sed
519 1244 561 1274 ibi
578 1242 771 1275 Gronoviana
792 1243 866 1284 legit
886 1244 942 1274 Ti-

52 1288 125 1317 tius.

99 1332 156 1360 Cn.
172 1331 269 1367 Seius,
286 1329 408 1361 Cluent.
422 1331 473 1360 38.
492 1335 620 1360 senator.

99 1374 146 1402 M.
162 1375 261 1409 Seius,
273 1373 311 1403 L.
323 1373 358 1402 F.
370 1373 458 1403 Offic.
471 1372 517 1411 Il,
534 1375 580 1403 17.
596 1373 628 1402 in
644 1372 776 1409 caritate,
788 1382 940 1403 annonam

53 1415 170 1446 assibus
191 1416 304 1456 populo
319 1415 422 1446 vendit
442 1416 474 1445 in
495 1416 647 1454 aedilitate,
668 1424 739 1446 ann.
754 1416 826 1446 680.
859 1415 940 1445 Plin.

54 1458 132 1496 XV,
160 1462 185 1488 1.
210 1459 315 1489 Plane.
340 1462 368 1489 5.
390 1458 503 1498 judicio
519 1458 747 1495 condemnatus,
769 1464 870 1488 tamen
891 1459 939 1489 M.

56 1501 198 1531 Pisonem
221 1501 252 1530 in
267 1501 411 1542 petitione
426 1501 528 1532 vincit.
557 1501 606 1531 De
623 1501 680 1531 hoc
700 1500 828 1541 intelligi
845 1507 942 1542 potest

55 1543 93 1574 ad
106 1543 178 1574 Div.
193 1543 254 1581 IX,
271 1545 300 1578 7.
327 1543 424 1580 Idem,
437 1550 490 1574 aut
503 1544 583 1574 filius
597 1549 652 1582 est,
669 1544 732 1584 qui,
751 1543 813 1581 XI,
830 1544 861 1581 7,
877 1554 942 1574 me-

56 1592 204 1623 moratur,
228 1592 257 1617 et
276 1587 393 1627 legatus
418 1586 459 1616 D.
480 1587 571 1617 Bruti
593 1586 685 1617 fuisse
707 1586 844 1622 videtum
869 1586 942 1617 item

56 1630 125 1659 Att.
141 1628 222 1667 XII,
241 1630 288 1659 ll.

106 1674 140 1706 Q.
155 1674 242 1702 Seius
258 1674 439 1711 Postumus,
454 1672 548 1703 Dorn.
561 1672 612 1703 44.
628 1674 678 1702 50.
691 1672 768 1702 Har.
779 1673 873 1713 Resp.
894 1675 941 1703 14.

58 1725 148 1762 eques
158 1715 249 1745 Rom.
266 1717 352 1754 cujus
368 1716 445 1747 aedes
460 1717 496 1746 P.
513 1715 638 1747 Clodius
653 1725 751 1746 emere
765 1715 874 1752 voluit,
888 1715 942 1745 do-

57 1767 141 1788 mino
152 1765 347 1798 repugnante.

100 1802 248 1841 (Clavis.)
675 1802 695 1830 2
713 1809 726 1830 1
