1137 1848
320 73 468 105 INDEX
492 74 776 106 HISTORICUS.
928 72 988 102 241

106 166 167 198 tur,
192 166 221 191 et
244 160 472 198 condemnatur,
497 161 589 191 homo
609 160 809 200 turpissimus.
833 158 993 188 Tribunus

107 204 150 243 pl.
168 203 264 233 factus
289 209 333 233 est
357 214 394 233 ex
415 203 578 239 libertino;
603 203 640 233 de
663 213 724 243 quo
751 214 779 232 v.
807 201 939 242 Appian.
957 200 994 230 de

107 246 146 276 B.
164 246 199 276 C.
216 246 268 276 lib.
283 246 309 282 I,
326 257 356 286 p.
376 247 449 277 629.
473 247 626 277 Caeterum
642 245 672 274 in
686 245 741 275 hac
753 245 876 274 historia
892 243 996 273 viden-

107 294 156 318 tur
172 289 249 318 inter
264 300 294 319 se
309 299 445 329 pugnare
461 289 565 319 Cicero
578 294 607 319 et
622 288 765 319 Vale1ius
781 288 829 317 M.
847 285 945 321 VIII,
966 288 994 315 l.

109 331 192 361 Nam
217 332 322 362 Cicero
347 332 527 361 damnatum
549 331 632 368 dicit,
654 331 794 360 Valerius
815 341 832 359 a
858 329 993 359 Deciano

107 384 167 404 non
183 374 383 409 damnatum;
408 374 469 404 scil.
491 380 655 414 antequam
675 372 867 403 condemnari
883 377 993 412 posset,

106 427 124 446 a
156 418 244 457 plebe
274 418 441 457 discerptus
475 423 529 453 est,
568 423 602 446 ut
630 416 750 457 proprie
779 415 902 455 quidem
933 423 994 443 non

105 459 267 489 damnatus
289 460 327 490 sit
338 460 478 498 judicum
499 460 664 494 sententiis,
687 458 737 488 sed
758 468 877 498 poenanl
894 463 995 486 tamen

108 502 233 538 dederit,
256 509 414 543 tamquam
433 502 603 533 damnatus.
629 501 702 532 Vid.
727 500 877 540 Pighium
899 499 937 529 ad
954 500 994 528 A.

153 588 187 617 P.
206 589 339 626 Furius,
359 587 426 619 Cat.
445 586 510 623 III,
535 588 564 617 6.
580 587 675 618 socius
693 585 834 617 Catilinae
850 596 865 615 e
880 584 997 615 colonia

109 631 134 660 F
138 631 272 667 esulana,
285 642 346 671 quo
362 630 496 663 Catilina
506 640 579 660 usus
596 636 639 660 est
650 630 682 659 in
697 628 892 659 sollicitandis
907 628 997 658 Allo-

110 676 239 713 brogum
254 673 370 714 legatis.

157 718 191 750 Q.
210 718 341 753 sz'us,
366 728 388 747 s.
416 716 530 757 Fufius,
557 716 638 746 Phil.
660 714 707 753 II,
727 715 776 745 16.
800 724 891 755 eques
907 715 1000 744 Rom.

109 759 283 789 haereditate
299 770 316 789 a
329 759 377 789 Μ.
395 759 530 789 Antonio
547 769 676 789 eversus.

152 802 281 838 Furius,
305 802 394 832 Balb.
418 804 469 831 ⁴20.
491 801 664 842 praediator,
684 801 732 830 cui
748 806 868 830 tantum
891 799 998 830 tribuit

109 845 151 882 Q.
168 845 312 881 Scaevola,
329 851 375 881 ut,
396 854 466 875 cum
482 844 519 874 de
539 846 608 883 jure
622 843 812 884 praediatorio
829 843 999 872 consulere-

109 894 169 922 tur,
186 888 224 918 ad
240 888 321 918 hunc
336 888 448 917 amicos
464 897 533 917 suos
546 888 689 926 rejiceret.
713 887 792 924 Ejus
807 886 924 915 nullam
937 885 999 914 fere

108 931 294 960 mentionem
328 930 443 960 faciunt
472 930 604 960 historiae
626 929 704 968 juris
730 928 899 969 scriptores,
926 937 997 958 cum

110 979 212 1004 tamen
229 973 374 1003 Cascellio
389 973 440 1002 hic
453 974 610 1012 jungatur.

151 1018 287 1052 Furius,
311 1016 399 1046 Verr.
417 1016 478 1050 VI,
496 1016 546 1044 43.
562 1014 764 1045 Heracliensis
778 1014 954 1044 navarchus.

155 1059 187 1088 C.
216 1060 373 1094 Furnius,
397 1058 435 1088 ad
460 1058 532 1087 Div.
559 1058 603 1093 X,
635 1058 661 1087 1.
689 1057 804 1087 amicus
835 1056 997 1086 Ciceronis.

111 1101 209 1137 VIII,
238 1103 286 1131 ll.
311 1101 348 1131 de
368 1100 521 1132 Ciceronis
541 1100 759 1141 supplicatione
782 1100 906 1129 laborat.
932 1098 998 1129 Att.

110 1145 153 1181 V,
174 1146 221 1175 18.
237 1145 276 1174 ad
292 1144 363 1174 Div.
390 1142 487 1180 VIII,
510 1147 556 1174 10.
572 1143 640 1173 trib.
657 1143 698 1183 pl.
717 1142 754 1172 L.
772 1142 863 1172 Pauli
878 1142 997 1182 cupidi·

109 1188 164 1218 tati
187 1187 349 1228 provinciae
372 1197 525 1217 occurrere
551 1196 581 1216 se
608 1186 684 1215 velle
706 1185 848 1214 minatur.
875 1184 918 1222 X,
944 1186 996 1214 25.

109 1232 174 1270 ejus
197 1240 387 1271 praepropera
407 1230 557 1259 festinatio
578 1228 617 1258 ad
636 1234 802 1268 praeturam
822 1230 998 1268 (antequam

109 1284 149 1304 sc.
178 1273 273 1303 aedilis
299 1273 419 1309 fuisset)
444 1271 682 1312 reprehenditur.
707 1271 751 1308 X,
775 1271 804 1300 6.
829 1271 858 1299 8.
880 1271 998 1311 legatus

111 1316 228 1352 Planci,
246 1317 302 1346 &c.

156 1360 193 1389 C.
210 1364 239 1388 et
255 1359 301 1388 M.
319 1359 449 1395 Fusius,
473 1358 573 1388 Flacc.
589 1359 640 1387 20.
657 1356 773 1397 equites
789 1355 933 1387 Romani.

153 1402 194 1432 L.
208 1402 242 1432 F
240 1403 340 1440 usius,
355 1407 463 1433 orator.
479 1400 520 1431 V.
535 1401 568 1431 in
583 1401 624 1432 L.
640 1401 674 1431 F
674 1400 766 1442 zfius.

534 1487 574 1517 G.

156 1574 194 1605 Α.
216 1576 382 1613 Gabinius,
398 1574 430 1604 in
446 1574 614 1609 tribunatu,
638 1572 760 1612 collegae
775 1570 930 1611 abrogavit
946 1570 1001 1600 tri-

112 1619 273 1649 bunatum.
301 1617 332 1648 Is
352 1618 411 1648 fuit
431 1617 469 1647 L.
486 1616 670 1651 Trebellius,
692 1615 746 1655 qui
767 1615 826 1654 legi
849 1613 999 1649 Gabffiiae,

114 1661 152 1690 de
172 1661 252 1691 bello
277 1661 402 1701 piratico
423 1660 571 1700 Pompeio
588 1658 815 1694 committendo,
840 1656 1004 1686 intercede-

114 1705 175 1733 bat.
192 1709 260 1743 post
275 1704 377 1734 Redit.
405 1703 436 1732 in
460 1704 532 1733 Sen.
552 1703 581 1737 7.
605 1703 670 1741 ejus
685 1700 836 1730 mollities.
861 1699 955 1728 Dom.
974 1702 1002 1729 9.

112 1746 178 1786 lege
196 1745 305 1776 Clodia
321 1746 441 1787 Syriam
452 1745 569 1787 accipit.
587 1744 662 1785 Leg.
674 1744 763 1775 Man.
785 1745 835 1774 17.
851 1743 950 1782 legem
966 1741 1003 1771 de

154 1790 300 1826 (Cluvi-5.)
761 1794 785 1816 Υ
