1137 1848
254 74 401 106 INDEX
425 75 789 108 GEOGRAPHICUS.
906 78 964 113 107

128 161 294 199 Samnites,
310 162 416 203 populi
432 162 567 193 Samnii:
591 162 665 193 item

128 204 266 241 Samnis,
289 214 384 244 genus
405 205 618 245 gladiatorum,
635 205 716 246 quod
742 204 833 235 armis
849 206 969 237 Samni-

86 245 151 276 ticis
166 247 315 277 utebatur.
333 247 374 278 V.
391 248 459 278 Liv.
476 248 538 285 IX,
555 249 606 277 40.

129 290 309 327 Samnium,
325 290 407 330 regio
430 291 528 321 Italiae
555 291 632 321 inter
652 290 789 328 Volscos,
816 291 968 333 Pelignos,

88 330 272 372 Campanos,
289 333 421 373 Apulos,
436 334 585 364 Lucanos.

129 376 250 413 Samos,
267 375 366 406 insula
380 376 516 406 Asiatica
530 376 560 405 in
577 376 653 406 mari
675 376 795 416 AEgaeo,
812 388 882 408 cum
898 380 972 410 urbe

85 417 220 456 ejusdem
231 418 374 455 nominis,
382 419 463 449 unde
470 421 582 449 Samii.
597 420 707 450 Samia
718 430 802 458 vasa,
815 431 870 461 pro
882 421 969 452 Mur.

85 460 138 498 36,
155 460 258 490 fictilia
273 467 302 490 et
316 460 397 491 vilia.

131 504 358 542 Samothracia,
374 504 475 535 insula
499 514 562 535 una
576 515 614 535 ex
628 504 665 535 iis
688 516 757 546 quae
780 506 856 537 circa
873 507 974 538 Thra-

87 556 165 576 clam
177 546 288 584 jacent.

131 590 237 626 Sardi,
261 589 366 621 incolae
390 590 547 628 Sardiniae,
573 590 681 621 insulae
705 590 736 621 in
760 592 838 622 mari
862 592 974 634 Ligus-

86 637 154 662 t1co.

131 675 253 711 Sardis,
266 675 303 705 de
315 676 432 706 Senect.
444 676 495 712 17,
508 676 580 706 urbs
592 675 744 717 praecipua
755 676 873 717 Lydiae,
886 689 904 709 a
913 678 976 720 qua

90 718 256 755 Sardiani,
273 718 311 748 ad
324 718 396 748 Div.
410 718 512 753 XIII,
529 720 579 748 55.

136 762 324 798 sardonius,
341 761 380 790 ad
396 761 470 791 Div.
487 761 569 798 VII,
587 762 640 798 25,
657 773 676 792 a
691 762 850 793 Sardinia.

135 805 307 841 Satricum,
323 805 394 834 urbs
411 804 493 834 Latii
505 804 623 844 antiqui
638 805 677 834 ad
692 805 828 846 Appiam
843 807 935 838 viam.

135 849 216 876 Saoea
241 847 348 883 rubra,
376 846 456 876 Phil.
473 845 520 884 II,
537 847 590 884 31,
612 847 695 877 locus
709 848 787 878 inter
803 848 979 881 Cremeram

92 895 121 920 et
136 889 239 919 Veios.

135 932 267 962 Scantia
284 932 372 967 silva,
390 932 514 971 (Agrar.
530 930 558 969 I,
575 932 603 969 l,
621 938 650 962 et
662 932 727 963 aliis
737 932 825 972 locis)
839 933 870 963 in
887 935 980 966 Cam-

92 975 183 1016 pania
199 975 257 1004 fuit
280 975 402 1015 publica
427 974 503 1003 silva
524 985 594 1015 pop.
612 975 704 1005 Rom.
731 986 823 1016 quam
847 986 980 1009 censores

92 1017 239 1058 pecuariis
253 1018 402 1048 locabant.
425 1018 527 1057 Aquae
544 1019 681 1047 Scantz'ae
696 1024 767 1048 sunt
781 1029 828 1059 ap.
842 1019 923 1051 Plin.
935 1021 979 1052 Η.

94 1061 138 1091 Ν.
152 1059 198 1098 ΙΙ,
217 1061 287 1096 107.

137 1105 293 1143 Scepsius,
317 1104 484 1134 Tusculan.
501 1103 565 1141 Qu.
585 1102 613 1141 Ι,
631 1106 683 1142 24,
700 1114 718 1135 a
733 1105 851 1145 Scepsi,
869 1105 981 1147 Mysiae

93 1147 215 1188 oppido.

137 1190 258 1230 Scylla,
271 1190 358 1230 syrtis
370 1188 409 1219 ad
423 1188 536 1219 fretum
551 1189 699 1220 Siculum.

138 1235 269 1273 Scyrus,
285 1233 324 1263 ad
337 1232 406 1262 Att.
420 1232 463 1269 V,
483 1233 532 1269 12,
545 1232 645 1263 insula
660 1233 751 1264 maris
764 1233 875 1274 AEgaei.

139 1277 275 1316 Scythae,
291 1275 397 1316 populi
413 1274 578 1305 Sarmatiae.

140 1320 284 1359 Scythia,
296 1329 365 1358 pars
381 1317 538 1348 Sarmatiae
549 1318 718 1358 Europaeae.

142 1363 318 1398 Sebusianz‘,
332 1361 440 1398 Quint.
456 1362 508 1397 25,
522 1362 627 1401 populi
636 1361 745 1391 Gafliae
757 1362 982 1402 Lugdunensis,

99 1405 211 1436 AEduis
234 1411 263 1434 et
286 1403 506 1443 Allobrogibus
523 1403 680 1443 interjecti,
700 1411 735 1434 ut
753 1405 932 1446 intelligitur
947 1419 984 1439 ex

98 1449 164 1478 loco
182 1447 277 1478 Cicer.
294 1453 323 1477 et
339 1446 417 1477 Caes.
439 1446 478 1475 Β.
494 1446 533 1475 G.
548 1446 629 1483 VII,
654 1448 704 1476 64.
736 1447 818 1478 Aliis
844 1449 985 1482 dicuntur

101 1492 278 1529 Segusiani,
293 1490 366 1520 item
391 1489 563 1519 Secusiani.
586 1489 813 1527 Hotomannus,
830 1492 868 1522 ad
885 1492 987 1524 Caesa-

100 1543 176 1570 rem,
193 1534 301 1574 probat
324 1532 490 1570 Segusiani
503 1543 514 1567 ‚·
538 1531 576 1561 ad
600 1531 786 1570 Ciceronem,
812 1535 987 1567 Sebusz'am'.

101 1576 300 1616 Oudendorp.
311 1575 349 1605 ad
366 1574 443 1605 Caes.
454 1574 493 1604 B.
508 1574 547 1604 G.
563 1575 591 1611 Ι,
610 1575 660 1612 10,
676 1575 796 1615 praefert
806 1578 986 1618 Segusiani,

100 1629 172 1649 cum
188 1619 308 1649 interim
331 1618 471 1653 fateatur,
495 1617 653 1657 plerosque
673 1618 767 1649 MSS.
785 1625 814 1649 et
828 1626 900 1651 vett.
918 1622 985 1653 edd.

100 1662 211 1692 habere
235 1662 410 1692 Sebusz'am‘.
443 1661 507 1700 Ap.
537 1659 710 1691 Ciceronem
726 1660 769 1691 nil
786 1663 912 1702 variant,
929 1665 987 1696 nisi

102 1705 183 1745 quod
200 1704 310 1735 Dresd.
327 1704 418 1735 habet
435 1703 630 1742 Scbaginnos.
