1137 1848
305 87 456 118 INDEX
479 85 765 119 HISTORICUS.
895 87 958 117 405

67 173 167 215 primo
181 173 304 204 annales
318 173 511 214 pontificum,
521 173 630 204 deinde
640 173 784 211 Fabium,
796 172 957 209 Catonem,

68 217 221 253 Pisonem,
235 217 401 252 Fannium,
416 216 626 253 Vennonium,
638 217 849 256 Antipatrum.
872 216 958 251 Post,

71 262 94 277 “
111 261 278 290 successere
294 259 400 299 huic,”
423 259 535 300 inquit,
553 261 576 277 ‘⁶
593 259 696 295 Gellii,
716 258 854 296 Clodius,
870 257 963 288 Asel-

68 301 144 339 lio,’'
161 304 218 333 &c.

111 347 150 375 Ρ.
176 347 335 376 Ventidius
358 347 487 382 Bassus,
513 345 594 375 Phil.
624 344 705 381 XII,
732 346 762 375 9.
790 344 817 374 ei
841 343 958 374 amicus

68 387 174 418 Cicero
198 389 269 425 fuit,
297 395 461 429 antequam
486 398 516 417 se
540 398 610 418 cum
633 387 763 417 inimicis
785 386 958 427 reipublicae

67 431 272 471 conjungeret.
289 432 327 461 ad
340 432 411 462 Div.
430 431 474 467 X,
493 434 544 460 24.
562 435 613 461 33.
625 437 693 471 post
704 430 843 471 proelium
857 429 958 459 Muti-

67 482 171 510 nense,
197 485 229 505 se
244 484 315 504 cum
330 475 426 504 tn'bus
440 474 611 514 legionibus
632 473 798 513 conjungit.
819 472 881 509 XI,
906 475 957 503 18.

68 526 99 546 se
114 526 184 546 cum
199 517 337 548 Antonio
353 517 510 557 conjungit
521 516 560 546 ad
578 516 667 546 Vada
682 515 815 546 Sabatia.
841 515 885 551 X,
908 518 956 545 18.

67 558 171 589 Mulio
197 560 328 590 dicitur:
363 561 428 599 ejus
454 565 550 590 castra
578 559 703 600 despicit
727 557 843 589 Cicero.
874 557 956 588 Phil.

65 601 165 639 XIII,
183 606 212 633 2.
229 603 360 633 Antonii
380 602 503 632 amicus.
538 601 624 632 Idem
646 602 786 642 pluribus
801 601 867 631 aliis
882 600 955 631 locis

67 652 262 675 memoratur.
293 645 404 676 Nescio
425 651 530 674 utrum
547 645 584 675 ad
599 645 699 675 locum
716 655 753 674 ex
769 644 902 683 epistolis
917 643 957 673 ad

67 686 142 717 Div.
158 688 296 729 respiciat
315 688 399 718 Plin.
417 688 460 717 H.
479 688 521 717 N.
539 687 620 722 VII,
637 689 690 723 42,
706 687 760 717 ubi
779 686 954 717 Ciceronem

66 736 220 760 auctorem
249 741 313 761 esse
337 731 418 765 dicit,
446 731 528 761 hunc
551 730 729 761 Ventidium
752 730 956 759 “mulionem

65 779 247 803 castrensem
263 774 506 804 suffarraneum”
524 773 627 810 fuisse,
651 783 689 803 an
705 783 775 802 vero
790 772 828 802 ad
849 772 956 807 alium,

66 825 104 845 ex
120 816 264 854 oratione,
281 824 335 846 aut
349 817 428 847 libro
446 816 612 856 deperdito.
635 816 685 845 De
704 816 769 854 ejus
792 815 955 851 natalibus,

63 858 203 899 miraque
230 859 364 898 fortuna,
391 859 451 890 vid.
478 866 586 899 praeter
610 859 692 889 Plin.
718 859 739 888 l.
767 868 792 888 e.
819 857 956 888 Gellium

64 900 156 931 Noct.
182 903 248 931 Att.
275 902 349 939 XV,
366 903 406 937 43
432 902 469 931 de
492 903 557 941 ejus
582 903 672 932 rebus
698 901 789 942 gestis
809 900 842 930 in
866 900 954 939 Asia,

63 942 198 974 Dionem
214 945 301 975 Cass.
319 943 482 981 XLVIII,
500 945 626 975 XLIX.

114 988 274 1025 Venulaez'a,
292 989 356 1018 Att.
374 987 455 1022 XII,
473 988 524 1017 ⁶24.
542 987 653 1017 Crassi.

113 1031 287 1068 Venuleius,
302 1031 389 1061 Verr.
408 1030 468 1069 IV,
485 1031 537 1059 42.
555 1030 592 1061 de
607 1030 714 1060 Verris
729 1030 860 1060 cohorte.

113 1074 289 1111 Venuleius,
312 1073 350 1103 ad
376 1074 450 1103 Div.
478 1073 561 1109 XII,
589 1074 641 1104 30.
674 1074 791 1113 legatus
817 1071 953 1110 Calvisii,

63 1115 117 1156 qui
132 1126 203 1146 cum
219 1117 286 1146 aliis
302 1116 487 1157 quibusdam
501 1116 651 1154 Africam,
668 1117 791 1146 absente
808 1115 953 1154 Calvisio,

62 1158 273 1189 administrare
293 1159 435 1197 audebat,
457 1159 611 1189 obtinente
629 1170 645 1190 e
669 1159 750 1189 sCto
768 1158 955 1199 provinciam

61 1201 235 1232 Cornificio.
260 1202 301 1231 Ei
316 1202 445 1238 lictores,
465 1208 500 1231 ut
523 1202 647 1239 caeteris,
671 1202 824 1231 ademerat
844 1200 954 1232 Corni-

60 1244 169 1279 ficius;
194 1245 277 1285 quod
300 1247 408 1285 probat
428 1244 542 1274 Cicero.
568 1245 762 1281 Quaestorem
785 1244 954 1285 provincia-

61 1286 122 1316 lem
138 1287 229 1317 fuisse
246 1287 284 1316 A.
301 1293 317 1320 7
323 1292 376 1325 0¹2,
393 1287 520 1328 reperio..
537 1287 643 1317 eodem
658 1297 749 1323 anno,
766 1297 827 1327 quo
843 1293 872 1317 et
890 1287 953 1317 La-

62 1329 145 1359 tinus
161 1337 190 1360 et
207 1330 367 1369 Horatius,
381 1330 517 1370 ejusdem
530 1329 655 1360 Calvisii
670 1329 773 1370 legati,
787 1335 952 1370 quaestores

59 1371 155 1402 fuere.

111 1416 223 1453 Venus,
241 1415 313 1445 Div.
330 1416 358 1452 I,
375 1416 423 1446 13.
443 1415 563 1446 Cnidia.
581 1415 636 1446 Or.
650 1419 680 1446 2.
695 1417 752 1446 διε.
771 1415 835 1445 Coa
849 1416 951 1456 Apel-

58 1457 105 1487 lis.
124 1459 196 1488 Nat.
217 1459 258 1488 D.
276 1458 342 1495 ΙΙΙ,
357 1464 406 1489 :23-
418 1459 520 1499 plures
533 1459 677 1488 Veneres.
692 1459 765 1488 Nat.
778 1458 820 1488 D.
837 1457 884 1496 11,
896 1459 950 1488 23.

61 1501 247 1531 Lubentina.
271 1502 302 1531 in
320 1502 421 1532 Caecil.
443 1502 488 1536 17.
516 1503 572 1531 διε.
597 1501 741 1541 Erycina.
763 1502 817 1531 Ab
832 1501 888 1531 hac
903 1501 951 1531 di„

61 1549 171 1573 cuntur
186 1544 311 1574 Venerii
326 1545 398 1574 ibid.
420 1544 450 1573 h.
467 1554 493 1574 e.
517 1544 593 1574 servi
610 1544 736 1574 Veneris
755 1544 908 1585 Erycinae,
926 1555 951 1574 s.

59 1585 122 1615 fani
137 1587 202 1625 ejus
216 1587 248 1616 in
264 1587 398 1627 Erycino
412 1593 526 1616 monte.

110 1630 259 1663 Veratius,
277 1639 442 1670 cognomen
460 1629 573 1667 Fulvii,
590 1629 690 1660 Flacc.
710 1633 760 1660 ‘20-
774 1630 829 1660 ubi
844 1638 947 1660 tamen

58 1670 135 1701 liber
150 1672 222 1702 MS.
238 1672 329 1702 habet
345 1673 509 1702 Neratius.

103 1715 135 1745 C.
159 1716 276 1753 Verres,
295 1713 331 1747 C.
348 1715 386 1746 F.
401 1715 491 1746 Verr.
512 1713 558 1754 ΙΙ,
575 1716 624 1745 12.
645 1721 776 1757 quaesbor
793 1714 851 1747 Cn.
869 1714 946 1747 Car-
