1137 1848
282 51 442 82 ‚INDEX
465 51 752 83 HISTORICUS.
911 51 969 79 129

83 138 143 178 Ep.
156 137 194 167 ad
201 136 443 175 Middletonum,
453 149 483 180 p.
496 137 709 175 160,Ba1bum
721 137 881 174 majorem,
893 140 970 165 tecto

80 180 203 210 nomine
218 179 287 217 dici,
300 186 335 210 ut
350 191 387 211 ex
405 181 544 217 Arredio,
562 180 592 209 h.
615 191 639 209 e.
661 179 715 220 qui
738 189 799 209 non
824 177 968 218 διαρρηῧην

79 222 225 263 loquitur,
242 223 436 253 balbutiendo
449 224 486 254 sit
498 223 649 259 Alledius,
665 229 700 252 ut
715 232 769 262 pro
786 221 880 251 Hirro
898 220 969 250 Hil-

68 266 136 309 ¹lus.
160 265 219 295 Sed
235 276 345 296 nomen
361 267 417 296 hoc
429 266 557 296 occurrit
571 267 661 295 etiam
675 265 757 295 alibi.
782 264 917 304 Lipsius,
931 263 969 292 ad

80 308 178 338 Tacit.
199 310 241 338 A.
269 309 297 346 I,
328 310 377 347 10,
398 310 458 349 legi
479 310 544 339 vult
559 309 710 343 Atedius;
737 314 766 338 et
792 313 880 347 putat
906 317 968 336 esse

79 361 161 388 eum,
184 352 270 390 cujus
294 352 336 381 ibi
363 353 498 382 mentio:
523 352 572 381 cui
596 351 731 392 opinioni
755 350 835 380 favet
859 349 892 379 J.
916 349 967 378 Fr.

79 393 271 424 Gronowius:
296 400 325 424 et
346 395 386 424 sic
412 395 502 425 habet
518 395 563 425 ed.
580 396 672 425 Rom.
695 400 724 424 et
747 394 784 423 P.
804 392 968 422 Manutius

77 436 179 466 edidit.

123 479 159 508 L.
180 480 302 517 Alenus,
326 480 364 510 de
380 481 453 511 Nat.
471 481 512 511 D.
531 480 596 518 III,
613 482 667 518 30,
692 480 811 510 tabulas
831 479 968 520 publicas

80 524 260 561 transcribit,
277 524 511 565 chirographum
528 524 773 563 Sex-mimorum
790 523 936 552 imitatus.

121 567 208 603 Alco,
225 566 262 596 de
278 567 350 597 Nat.
368 569 409 596 D.
426 568 492 602 ΙΙΙ,
506 568 559 604 21,
574 567 654 596 filius
669 567 769 596 Atrei.

121 610 302 647 Alexander,
319 611 357 640 ad
374 610 450 640 Her.
468 609 529 648 IV,
551 611 604 648 30,
621 610 675 650 qui
696 615 725 639 et
741 609 827 639 Paris
843 608 964 646 dicitur,

77 658 179 692 raptor
191 652 328 682 Helenae.

121 696 304 732 Alexander,
327 696 366 726 ad
384 696 456 727 Div.
487 697 530 734 V,
561 697 611 733 12,
643 698 680 726 ab
708 695 819 736 Apelle
846 701 967 724 tantum

75 736 172 777 pingi,
190 745 218 767 et
240 748 258 767 a
274 738 410 780 Lysippo
434 740 520 780 fingi,
546 740 620 768 vult.
654 740 703 769 De
730 739 802 768 Div.
826 737 853 774 Ι,
871 739 923 774 23,
941 737 968 767 ei

78 779 212 810 Calamis
227 788 355 811 mortem
368 783 570 823 propinquam
587 782 736 822 praedixit.
763 781 812 812 De
828 781 899 810 Div.
920 779 967 817 ΙΙ,

77 823 130 861 66,
148 824 212 862 ejus
235 825 397 855 somnium.
421 826 513 855 Tusc.
534 825 594 862 IV,
612 826 664 862 39,
682 825 799 854 Clitum
815 823 965 853 interficit.

121 868 284 896 Alexander
299 869 450 905 Pheraens,
466 869 503 898 de
521 868 588 898 lnv.
607 867 653 904 ΙΙ,
671 869 722 898 49.
752 868 790 897 In
808 865 967 896 Thessali&

76 909 268 949 tyrannidem
284 918 420 951 occupat,
438 911 475 941 de
490 910 553 941 Off.
572 911 619 948 11,
637 912 666 945 7.
699 910 829 939 Insidias
853 909 967 946 uxoris,

78 952 211 989 Thebes,
228 954 381 993 quomodo
393 955 513 990 caverit,
526 954 563 983 de
580 954 647 983 lnv.
664 952 710 991 ΙΙ,
727 955 778 983 49.
801 953 855 982 Ab
872 952 906 981 eir
920 952 968 981 in-

77 994 231 1032 terficitur,
258 996 319 1026 scil.
347 997 562 1036 adjuvantibus
586 996 737 1026 fratribus.
768 996 848 1025 Rem
871 1000 967 1024 totam

77 1044 293 1068 commemorat
308 1039 434 1069 Diodor.
459 1040 516 1069 Sic.
533 1040 586 1069 lib.
606 1039 682 1078 XV,
694 1050 723 1079 p.
735 1040 807 1074 517,
820 1038 865 1067 ed.
879 1038 965 1067 Rho-

77 1079 158 1110 dom.
182 1081 271 1112 Vixit
285 1082 362 1112 circa.
378 1082 506 1123 Olymp.
523 1082 591 1112 CV.

119 1124 302 1161 Alexander,
318 1129 397 1165 Agr.
424 1126 471 1163 ΙΙ,
492 1127 542 1161 16,
568 1135 622 1155 rex
647 1124 788 1165 AEgypti,
806 1123 966 1154 Ptolemaei

75 1165 246 1196 Alexandri
268 1168 359 1205 filius,
377 1169 441 1208 qui,
470 1169 580 1207 ejectus
604 1178 708 1208 regno,
725 1168 803 1208 Tyri
827 1173 965 1196 mortuus

75 1214 138 1239 est:
163 1209 318 1240 dicebatur
334 1211 489 1241 Romanos
504 1211 606 1241 fecisse
621 1211 755 1240 haeredes
769 1209 864 1250 regni.

118 1253 292 1290 Alexander,
308 1254 376 1283 Att.
395 1254 442 1291 ΙΙ,
464 1256 517 1291 20,
543 1255 595 1291 22,
618 1256 708 1294 poeta
733 1253 869 1289 Graecus,
894 1261 965 1292 geo-

74 1295 208 1336 graphus
224 1302 253 1325 et
268 1296 445 1336 astrologus,
460 1296 616 1337 negligens
629 1297 732 1331 homo,
747 1302 776 1325 et
791 1305 851 1325 non
867 1296 965 1325 bonus

74 1341 174 1379 poeta,
188 1338 239 1368 sed
251 1345 352 1368 tamen
364 1349 426 1368 non
438 1339 554 1369 inutilis
564 1346 617 1369 aut
629 1339 776 1369 indoctus.
800 1338 858 1368 Est
870 1338 965 1367 Alex-

75 1380 168 1410 ander
183 1381 347 1421 Ephesius,
371 1382 550 1422 cognomine
573 1382 731 1422 Lychnus,
749 1391 839 1421 quem
857 1381 965 1412 Strabo

77 1423 189 1464 aliique
213 1424 337 1454 tradunt
359 1423 633 1465 Cosmographiam
652 1425 786 1454 versibus
802 1424 963 1464 scripsisse.

77 1465 118 1496 V.
131 1468 231 1497 Graev.
247 1467 284 1496 ad
299 1467 329 1496 h.
340 1468 361 1497 1.
383 1467 558 1498 Alexander
572 1467 744 1507 Polyllistor
759 1467 874 1506 scripsit
886 1476 965 1506 quo..

75 1519 135 1549 que
151 1509 360 1550 Geographica
384 1511 491 1540 multa.
517 1511 556 1540 V.
574 1509 727 1540 Harduin.
748 1510 781 1539 in
807 1509 877 1539 lnd.
894 1509 962 1538 No-

73 1551 147 1581 min.
167 1552 318 1590 Pliniano,
335 1553 388 1584 sed
402 1554 433 1582 in
448 1553 546 1594 prosit.

118 1595 255 1633 Alesion,
284 1596 350 1626 Att.
381 1596 463 1633 VII,
489 1598 520 1633 2,
547 1596 682 1627 medicus
704 1594 869 1632 Ciceronis,
891 1593 962 1624 Att.

74 1636 173 1675 XIII,
190 1639 240 1668 25.
265 1638 411 1676 Moritur,
427 1639 500 1668 ibid.
517 1639 594 1677 XV,
615 1642 643 1677 1,
659 1640 689 1668 ⁶2.

116 1680 229 1717 Alexis,
244 1681 313 1712 Att.
324 1681 364 1712 V.
380 1683 433 1717 20,
451 1682 507 1713 &c-
522 1692 624 1713 servus
640 1681 742 1712 Attico
751 1679 915 1721 jucundus,
