1122 1868
119 85 184 116 450
281 83 432 116 INDEX
455 83 854 116 GRAECo-LATINUS.

124 172 194 201 Att.
211 166 315 210 X111‚'
328 172 379 202 23.
403 170 464 202 Sed
478 171 543 201 haec
564 176 608 201 est
626 170 715 201 lectio
730 169 822 200 unius
843 168 914 200 MS.
931 168 1013 199 unde

126 213 239 244 Bosius
254 221 283 245 et
300 215 449 245 Gruterus
464 214 592 244 edidcaere.
609 213 651 243 V.
668 216 809 247 Ευλσγως.

170 261 344 295 Eam-sema,
367 257 432 287 boni
457 267 510 287 sev.
534 258 598 286 laeti
619 257 729 293 nuntii,
748 257 806 286 sive
826 256 891 285 boni
915 255 1015 285 nuntii

123 302 259 338 praemia,
277 300 315 330 ad
331 299 397 330 Att.
417 299 462 337 II,
475 301 507 337 3,
524 305 553 330 et
571 301 620 330 12.
636 297 736 335 XIII,
748 299 799 329 40.

172 345 400 383 Ευανατρεπτος,
422 342 575 383 ᾳιιῐ]”ιιει”1ε
597 348 685 381 potest
700 342 799 379 everti,
823 341 861 371 ad
879 342 944 371 Att.
965 339 1012 378 11,

129 385 179 415 14.
204 385 309 416 Sermo
324 391 369 416 est
384 385 426 415 ibi
441 386 478 416 de
490 386 669 421 actionibus,
686 395 755 425 quae
771 384 916 424 quoniam
931 383 1019 414 vitio-

130 438 171 458 sae
186 435 268 467 sunt,
295 439 324 459 v.
339 438 364 458 c.
381 435 484 458 contra
500 428 645 469 auspicia,
662 427 749 457 facile
764 427 856 457 irritae
870 427 934 458 fieri
949 436 1019 467 pos-

132 477 214 501 sunt.

175 520 316 552 Ευγενεια,
329 515 444 554 generis
457 515 600 550 nobilitas,
617 513 657 543 ad
671 512 746 542 Div.
763 511 829 549 III,
846 513 877 548 7.

174 566 390 597 Emeum-55:03
405 558 539 593 nobiliar,
555 556 595 586 ad
611 557 677 586 Att.
693 554 793 590 XIII,
810 556 862 584 21.

175 603 292 637 Ευγενη,
306 610 455 640 generosa,
472 600 593 636 nobilia,
607 599 646 628 ad
660 600 730 628 Att.
746 597 846 637 VIII,
863 599 894 629 9.

175 642 333 679 Ευὸαιμιυν,
345 643 428 680 felix,
445 642 485 672 ad
498 643 566 672 Att.
586 642 649 679 IX,
666 645 714 672 ll·

178 684 306 724 Ευδοξια,
324 685 500 725 bonafama,
514 686 621 726 gloria,
636 684 704 714 Fin.
719 683 785 721 III,
805 687 854 716 13.

176 732 374 764 Ευελπιστια,
398 730 468 757 buna
487 739 561 767 spes,
581 728 619 758 ad
635 728 702 759 Att.
720 727 767 765 II,
787 728 836 763 17.

178 774 318 809 Ευεργετη
325 782 348 806 ς,
365 771 541 812 bencfuclor,
559 772 628 801 bene
642 772 776 807 meritus,
790 770 828 800 ad
841 770 908 801 Att.
923 769 986 809 IX,
997 775 1028 803 5.

179 814 412 853 Ευηὲεια,]ὶιεαα
427 815 609 853 simplicitas,
625 813 665 844 ad
678 814 748 844 Att.
766 813 829 851 VI,
847 818 877 844 2.
902 813 1028 855 Proprie

133 857 172 888 de
186 853 363 887 hominibus
378 857 480 897 probis
494 857 615 895 dieitur,
632 856 686 897 qui
701 856 775 886 alios
790 867 827 886 ex
842 856 964 897 ingenio
974 869 1028 889 suo

135 898 315 938 metiuntur,
332 900 468 941 adeoque
482 900 570 930 facile
585 906 614 930 et
629 899 756 930 credunt
779 905 808 930 et
823 899 1026 940 decipiuntur.

135 943 295 974 Κακοηὲεις
332 949 446 980 contra,
479 943 551 983 quia
577 942 635 984 ipsi
660 943 735 972 mali
758 948 840 981 sunt,
871 943 1027 984 suspiciosi

134 985 228 1016 etiam
243 990 325 1023 sunt,
341 985 451 1016 calIidi.
470 985 510 1016 V.
524 986 650 1017 Aristot.
667 985 758 1016 Rhet.
776 984 824 1024 II,
844 988 893 1016 13.

179 1032 365 1067 Ευημερημα,
386 1039 504 1068 prosper
518 1039 677 1065 successus,
690 1028 729 1058 ad
744 1029 810 1058 Att.
828 1028 870 1066 V,
887 1029 938 1058 21.

181 1076 334 1111 Ευημερια,
354 1073 541 1111 prosperitas,
553 1072 635 1114 felix
648 1081 807 1110 successus,
823 1071 862 1102 ad
877 1072 944 1102 Att.
960 1071 1023 1111 IX,

181 1157 467 1198 EvS'owama‚facilis
482 1168 567 1196 mors,
583 1157 623 1189 ad
637 1158 706 1188 Att.
722 1157 819 1196 XVI,
835 1158 865 1193 7.

181 1201 320 1237 Ευὲωμια,
335 1201 424 1230 animi
444 1202 651 1241 tranquillitas,
667 1203 818 1238 securitas,
833 1202 947 1231 animus
970 1206 1028 1232 ter-

134 1250 202 1273 rore
220 1242 302 1277 liber,
326 1242 395 1273 Fin.
413 1243 456 1281 V,
474 1245 506 1282 8,
523 1250 552 1274 et
568 1247 619 1275 29.

184 1286 497 1326 Ευὲυρῤημονεστερος,
521 1288 648 1322 liberior,
664 1285 850 1327 sivefortior,
865 1288 897 1317 in
913 1287 1028 1328 loquen-

132 1330 186 1366 do,
210 1326 248 1356 ad
264 1327 337 1357 Div.
355 1327 436 1366 XII,
458 1333 505 1359 16.
524 1330 597 1360 ibid.
614 1329 678 1366 IX,
695 1332 746 1359 24.
770 1331 947 1371 ευῇυῤῥημων
964 1343 1028 1372 sep,

137 1372 192 1402 ubi
208 1370 350 1411 Toupius
364 1372 486 1412 corrigit
502 1374 687 1413 ευὲυῤῥημονη
694 1383 736 1416 σῃ.

188 1418 331 1452 Ευκαιρια,
353 1417 472 1451 occasio,
496 1417 707 1453 opportunitas,
724 1421 833 1453 tempus
847 1415 967 1446 actionis
981 1427 1030 1456 op-

135 1460 308 1497 por-lunum,
325 1456 363 1486 ad
374 1458 443 1488 Att.
459 1457 556 1495 XVI,
573 1459 603 1488 8.
619 1458 688 1487 Fin.
706 1457 771 1495 III,
789 1458 819 1486 4.

186 1502 399 1540 Ευκκιροτερον,
413 1502 612 1539 opportunius,
628 1500 667 1530 ad
683 1500 749 1531 Att.
770 1500 831 1539 IV,
849 1500 878 1536 7.

188 1542 344 1610 Εἰῖᾱῑβως,
369 1550 538 1582 opportune,
562 1543 602 1574 ad
632 1544 697 1574 Att.
727 1542 829 1581 XIII,
853 1546 884 1575 9.
904 1544 944 1575 ad
964 1544 1028 1584 Qu.

141 1585 194 1616 Fr.
250 1605 259 1618 .,
276 1586 306 1613 3.

186 1627 448 1668 Ευκῡλω;,]ὶιει“ἶε,
463 1629 501 1659 ad
518 1630 575 1659 Att
599 1628 700 1666 XIII,
718 1633 768 1661 21.

187 1669 325 1704 Eum-fla,
346 1673 502 1708 probabitis
516 1673 601 1709 razio,
617 1672 655 1702 ad
670 1673 737 1703 Att.
753 1672 855 1709 XIII,
871 1674 922 1703 22.

190 1712 322 1745 Ευλογον,
347 1720 579 1754 consentaneum,
603 1716 760 1755 probabile,
784 1716 822 1746 ad
837 1717 904 1747 Att.
926 1717 1030 1754 XIII.

145 1757 178 1794 7,
194 1757 224 1782 et
239 1752 288 1782 33.
306 1754 401 1794 XIV,
419 1760 469 1786 22.
