1122 1868
126 52 186 82 190
338 51 488 83 INDEX
511 51 796 86 HISTORICUS.

126 140 198 168 108.
227 136 320 168 Miris
345 138 444 169 modis
460 139 674 181 perstringitur
699 141 738 171 ab
754 139 959 182 Aristophane
978 140 1010 171 in

125 179 304 221 Equitibus.

166 225 382 262 Cleophantus,
400 223 522 255 cluent.
543 227 590 256 16.
612 225 760 256 medicus.

168 267 299 303 Clinias,
315 266 476 306 Cretensis,
495 268 592 309 Legg.
605 270 633 306 Ι,
651 272 680 298 4.
689 269 743 310 qui
757 267 911 299 inducitur
925 268 1009 310 apud

123 309 286 339 Platonem
301 310 333 340 in
349 310 469 351 dialogo
485 311 522 341 de
538 312 683 352 Legibus.

169 352 348 391 Clisthenes,
376 354 449 384 Nat.
477 354 517 383 D.
544 356 593 392 11,
624 357 670 385 16.
701 354 906 393 Atheniensis,
927 354 1011 386 dotes

124 394 257 425 filiarum
267 395 390 437 deponit
405 396 436 426 in
452 397 567 438 templo
582 398 716 428 Junonis
732 398 852 428 Samiae.

169 439 351 476 Clisthenes,
368 439 456 469 Brut.
473 441 500 475 7.
523 440 636 470 Orator
650 441 859 478 Atheniensis,
872 441 927 481 qui
942 445 1010 481 post

122 481 265 512 Solonem
280 488 309 512 et
324 481 521 513 Pisistratum
536 483 648 522 floruit,
671 484 764 524 paulo
782 489 852 513 ante
867 483 1013 513 Themis-

123 524 248 555 toclem.

169 568 357 605 Clitarchus,
375 567 451 609 Leg.
470 567 499 605 Ι,
516 568 715 599 2.historicus
731 569 866 606 Graecus,
884 579 944 599 non
956 578 1013 610 op-

122 610 225 641 timus.
252 612 342 641 Brut.
365 615 411 641 ll.
431 611 470 641 ad
486 611 560 641 Div.
585 611 632 649 ΙΙ,
654 616 702 642 ll.
723 621 784 642 non
800 621 920 652 magnae
942 612 1013 642 fidei

123 659 178 689 est,
202 654 239 683 de
255 660 351 684 morte
374 654 590 685 Themistoclis
605 655 681 696 quid
704 655 860 685 tradiderit
875 655 1012 685 Alexan-

126 696 172 725 dri
188 706 296 726 comes.

171 740 391 776 Clitomachus,
418 740 542 777 Pcenus,
563 740 660 771 Acad.
685 739 745 778 IV,
771 741 800 770 6.
833 739 889 771 Or.
908 740 939 777 I,
966 744 1014 771 11.

126 781 291 812 Carneadis
312 782 431 812 auditor
450 790 479 813 et
499 783 699 814 successorsin
714 783 894 814 Academia.
920 784 1016 814 Acad.

124 824 185 862 IV,
203 828 253 855 31.
270 826 334 865 ejus
350 826 426 855 liber
441 826 479 855 ad
497 825 532 857 C.
550 826 705 856 Lucilium
726 829 860 867 po‘e'tam,
879 826 953 856 item
975 827 1015 857 ad

123 867 162 897 L.
180 867 393 898 Censorinum.
415 869 509 899 Acad.
529 868 575 905 II,
593 873 646 900 31.
665 876 796 910 quatuor
814 869 907 899 libros
921 869 1016 909 scrip-

122 910 161 941 sit
176 911 213 940 de
228 912 409 942 sustinendis
424 912 654 942 assensionibus.
679 912 774 942 Tusc.
792 912 860 949 111,
876 913 928 942 22.
943 921 1015 942 con-

123 954 229 983 solatio
249 955 315 993 ejus
340 955 450 995 scripta
469 955 508 985 ad
528 955 794 996 Carthaginienses
814 956 917 986 eversa
939 953 1015 985 Car-

123 996 257 1036 thagine.
284 997 356 1027 Vid.
373 998 463 1027 etiam
480 998 577 1028 Acad.
593 997 652 1037 IV,
671 1002 702 1029 4.
718 997 773 1028 Or.
797 999 844 1028 16.

168 1041 283 1078 Clitus,
300 1040 391 1071 Tusc.
406 1039 467 1079 IV,
485 1042 538 1076 37.
562 1040 639 1071 Dux
654 1040 836 1079 Alexandri,
853 1042 892 1071 ab
912 1050 947 1071 eo
966 1040 1011 1070 in-

124 1082 278 1112 terficitur.

170 1126 281 1155 Clodia
294 1137 381 1165 gens,
397 1127 492 1157 Doni.
506 1129 558 1156 44.
577 1126 694 1165 eadem,
710 1137 780 1167 quae
797 1124 938 1157 Claudia.

169 1170 290 1207 Clodia,
309 1170 374 1199 Att.
392 1170 475 1205 XII,
490 1174 540 1200 22.
566 1170 688 1200 Decimi
704 1169 806 1207 Bruti,
827 1170 895 1210 (qui
911 1169 1017 1200 consul

125 1211 183 1241 fuit
199 1222 270 1242 cum
286 1213 336 1242 M.
351 1213 480 1242 sEinilio
496 1212 670 1251 Mamerco)
688 1218 794 1242 mater.

170 1256 290 1292 Clodia,
305 1257 370 1285 Att.
384 1256 446 1293 IX,
458 1257 489 1285 6.
502 1262 530 1286 et
545 1258 575 1287 9.
588 1265 688 1286 socrus
702 1255 740 1284 L.
751 1254 883 1293 Metelli,
895 1255 963 1285 trib.
973 1255 1015 1306 Rl.

168 1297 280 1336 Cardia,
304 1309 385 1329 soror
402 1299 438 1328 P.
455 1299 566 1337 Clodii,
583 1299 652 1329 trib.
669 1298 749 1338 pleb.
768 1297 808 1327 V.
827 1297 962 1327 Claudia.

168 1342 349 1377 Clodianus.
374 1342 439 1372 Att.
464 1343 493 1379 I,
522 1346 568 1372 19.
595 1347 639 1371 est
659 1340 718 1372 Cn.
740 1339 832 1371 Corn.
853 1340 1016 1378 Lentulus,

123 1385 228 1413 consul
248 1385 287 1414 A.
305 1385 344 1415 U.
364 1386 439 1423 681,
464 1395 534 1415 cum
551 1384 589 1414 L.
604 1384 705 1414 Gellio
722 1383 887 1424 Poplicola.
910 1383 1014 1424 Sigon.

126 1426 157 1455 in
174 1427 272 1457 Fastis
285 1428 377 1457 Rom.

169 1470 303 1503 Clodius,
323 1471 397 1511 Leg.
414 1470 443 1508 Ι,
464 1472 495 1500 2.
514 1470 673 1500 historicus
694 1469 835 1507 Latinus,
851 1468 1016 1508 languidus

123 1518 152 1541 et
171 1511 304 1542 inscitus.
321 1523 488 1553 cognomen
509 1513 618 1543 habuit
640 1514 759 1543 Licini.
777 1511 817 1542 V.
835 1511 931 1541 Periz.
953 1512 1020 1540 Au.

124 1554 168 1583 H.
191 1565 220 1594 p.
240 1559 315 1585 349.
348 1557 428 1595 Ejus
450 1556 566 1586 mentio
590 1556 624 1586 fit
642 1556 734 1586 etiam
754 1565 803 1595 ap.
826 1553 964 1592 Livium,
983 1560 1016 1584 ut

128 1596 259 1634 XXIX,
277 1602 328 1628 22.

169 1641 308 1678 Clodius,
325 1641 571 1676 foenerator‚Att.
586 1640 669 1677 XII,
690 1641 742 1670 30.
761 1639 816 1682 qui
827 1646 871 1670 est
883 1639 1016 1670 Hermo-

120 1693 213 1723 genes
227 1682 364 1715 Clodius.
386 1683 427 1714 V.
443 1684 475 1714 in
492 1685 716 1723 Hermogenes.
