1137 1848
367 63 516 93 INDEX
540 61 714 94 LEGUM.
969 64 989 92 9

100 147 216 183 Flavii,
235 149 383 188 Philippi,
406 150 519 184 Plotia,
537 150 669 180 Caesarz's
684 149 787 182 Julia,
812 147 850 178 de
876 146 989 188 quibus

101 190 163 221 suis
177 191 260 221 locis.

145 234 284 266 Annales
299 239 380 273 sunt,
404 234 516 275 quibus
537 235 736 265 constitutum
758 240 813 271 est,
830 243 892 274 quo
908 242 989 262 anno

100 276 210 317 cuique
221 277 413 317 magistratus
424 285 524 318 petere
534 278 652 313 liceret;
671 288 731 318 quo
744 277 768 307 si
779 277 847 318 quis
859 282 987 314 creatur,

102 328 133 349 v.
146 329 171 349 c.
182 321 298 357 consul,
312 331 394 350 anno
407 331 461 351 suo
472 321 577 350 consul
591 320 687 350 factus
703 330 766 349 esse
780 319 897 349 dicitur.
913 319 941 348 V
944 318 986 347 id.

99 361 179 402 Agr.
204 363 252 400 ΙΙ,
274 364 303 392 2.
336 364 398 394 Eas
423 363 504 403 leges
530 363 633 393 intulit
656 363 792 399 ambitio,
818 368 852 392 ut
875 361 988 401 gradus

99 410 198 434 essent
223 405 383 445 petitionis.
415 405 503 435 Tulit
525 406 643 446 primus
666 405 832 435 accuratius
862 406 986 441 Villius,

100 447 240 478 tribunus
254 448 296 488 pl.
313 449 355 478 A.
373 448 530 479 Postumio
544 449 662 478 Albino
677 455 706 478 et
721 448 762 486 Q.
776 447 885 477 Fulvio
897 447 986 477 Flac-

99 499 133 519 co
148 500 219 520 coss.
242 491 295 531 qui
318 491 387 522 inde
404 493 539 521 Annalis
561 491 658 521 dictus
679 498 745 525 θεῖς
770 490 851 531 quod
874 500 985 520 nomen

97 532 222 562 familiae
231 533 325 564 haesit.
343 535 410 564 Liv.
423 535 476 564 lib.
486 535 559 571 XL,
570 544 595 564 c.
609 536 661 570 4-1,
670 540 699 564 et
706 534 828 563 Manut.
840 533 876 563 de
887 533 984 572 Legg.

98 584 123 604 c.
141 577 170 605 6.
196 576 290 614 Nam,
307 577 361 607 etsi
378 577 496 614 Livius,
518 578 538 606 l.
555 587 580 607 c.
596 577 731 617 primum
747 577 784 606 ab
800 586 834 606 eo
849 576 886 605 de
905 575 938 605 eii
953 586 984 606 re

96 617 193 648 latum
206 628 268 648 esse
283 619 375 655 dicim
392 626 493 650 tamen
504 620 597 656 idem,
611 621 675 658 jam
689 627 758 649 ante
773 629 843 649 eum
859 619 896 648 de
906 624 983 648 tem-

95 670 168 700 pote
183 661 333 691 honorum
349 663 547 702 petendorum
563 663 642 702 leges
656 662 759 697 fuisse,
776 662 914 691 dubitare
929 670 983 691 nos

96 712 158 733 non
173 704 254 741 sinit,
271 705 381 742 XXV,
398 707 427 735 2.
460 705 520 735 Sed
539 706 611 735 anni
627 705 816 745 singulorum
832 714 893 734 non
908 703 982 733 defi.

96 745 152 776 niti
168 752 262 784 erant,
279 753 313 777 ut
334 748 400 788 lege
421 748 521 784 Villii,
537 758 643 778 verum
662 748 811 783 universe,
827 758 896 787 quae
911 753 983 776 aetas

94 794 215 819 matura
230 796 305 820 esset
319 790 482 821 honoribus
505 791 650 831 petendis.
683 790 756 820 vid.
773 790 932 830 Sigonium
953 795 983 819 et

95 831 254 871 Pighium‚
270 832 348 873 inpr.
365 833 540 870 Dukerum,
552 833 589 863 ad
603 833 754 863 Liv.10cis
765 832 869 862 citatis.
894 832 982 862 Anni

94 880 196 904 autem
207 875 361 905 constituti
376 882 446 906 sunt
462 876 555 906 Vinia
571 877 648 915 lege,
664 881 824 916 quaesturae
840 876 893 911 31,
910 875 982 904 aedi-

93 916 171 946 litati
186 918 240 952 37.
257 924 395 958 praeturae
411 920 463 955 40,
480 918 649 949 consulatui
661 920 712 948 43.
736 918 821 948 Nam
833 918 880 947 his
894 918 982 947 annis

94 959 199 989 Cicero
220 961 274 990 hos
290 961 483 1001 magistratus
498 961 599 1001 gessit,
617 961 680 1001 qui,
697 971 751 991 suo
772 971 802 990 se
825 970 979 1001 quemque

92 1012 175 1031 anno
200 1003 334 1042 gessisse,
351 1004 510 1044 praedicat:
536 1014 590 1034 nec
614 1004 766 1040 audiendi,
784 1003 837 1043 qui
857 1008 910 1032 aut
925 1013 980 1032 an-

92 1054 169 1074 num
184 1047 236 1084 27,
254 1052 288 1076 ut
304 1046 478 1076 Zamoscius
493 1046 530 1076 de
545 1048 645 1077 Senat.
664 1057 695 1086 p.
711 1056 753 1075 m.
777 1048 830 1083 235,
858 1052 911 1075 aut
926 1055 980 1075 an-

94 1097 169 1117 num
185 1090 225 1117 25
242 1095 370 1129 ponunt,
387 1096 421 1119 ut
436 1089 586 1119 Dodwell.
604 1089 694 1119 Prael.
718 1088 827 1119 eamd.
860 1088 982 1118 Dicun-

93 1135 143 1160 tur
157 1130 205 1160 hae
219 1132 300 1171 leges
322 1133 414 1162 etiam
435 1133 587 1162 Annarsiae
602 1132 684 1172 apud
700 1132 824 1161 Festum
841 1137 869 1160 et
886 1131 980 1161 Lam-

94 1173 172 1213 prid.
197 1174 228 1202 in
252 1173 434 1212 Commodo,
450 1185 476 1205 c.
492 1177 521 1204 2.
544 1176 702 1204 Annalem
723 1173 794 1204 tulit
815 1174 905 1203 etiam
929 1174 978 1203 M.

95 1216 236 1246 Pinarius
259 1217 372 1255 Rusca,
394 1218 462 1248 trib.
478 1218 520 1258 pl.
539 1217 626 1258 (vid.
644 1218 708 1248 Cic.
726 1217 763 1246 de
779 1217 834 1246 Or.
852 1216 901 1254 ΙΙ,
923 1217 979 1254 65)

93 1268 131 1288 ex
146 1259 209 1298 quiz⁴
223 1259 299 1288 nihil
314 1266 424 1290 restat:
450 1271 504 1290 nec
520 1268 591 1290 aetas
607 1261 672 1300 ejus
684 1260 754 1289 satis
769 1265 857 1288 certa.

134 1302 186 1331 De
202 1303 342 1332 Ambitu.
375 1305 556 1342 Calpurnia,
584 1305 715 1338 Οαεὶῖὶα,
741 1303 853 1336 Fabia,
874 1303 978 1338 Julia,

90 1344 232 1379 Licinia,
254 1346 371 1374 Tullia.

134 1388 294 1418 Antonia».
316 1388 389 1418 Div.
407 1388 489 1427 XII,
509 1390 559 1426 14,
576 1388 600 1419 si
615 1399 685 1419 vera
698 1388 805 1418 lectio:
830 1387 867 1417 de
881 1387 917 1418 iis
932 1387 977 1417 le-

90 1429 179 1469 gibus
194 1431 328 1471 loquitur
346 1430 462 1467 Cicero,
479 1432 516 1462 de
531 1432 641 1473 quibus
664 1431 762 1461 multa
782 1431 923 1460 dicuntur
944 1430 976 1460 in

92 1473 264 1513 Philippics
279 1474 378 1513 primii
394 1481 422 1504 et
444 1475 585 1510 secunda,
608 1485 694 1514 quas,
710 1474 741 1503 in
757 1474 914 1503 consulatu
931 1483 976 1504 se-

91 1515 202 1552 cundo,
219 1526 272 1555 per
288 1516 349 1545 vim
365 1523 393 1546 et
409 1523 511 1547 contra
523 1517 654 1557 auspicia
669 1517 758 1551 tulit;
783 1516 855 1545 item
868 1526 943 1556 quas
959 1526 975 1545 e

90 1558 201 1587 tabulis
217 1559 342 1588 Caesaris
358 1559 475 1589 dicebat
490 1571 520 1590 se
536 1560 677 1600 proferre,
694 1559 776 1599 quod
797 1565 975 1588 convenerat

89 1600 121 1630 in
137 1606 254 1637 senatu,
282 1601 391 1641 quietis
415 1602 515 1639 causzi,
532 1608 598 1632 acta
614 1602 741 1632 Caesaris
765 1607 830 1631 rata
853 1600 972 1631 habere.

89 1642 280 1673 Nominatim
297 1650 481 1684 memoratur
496 1645 686 1685 judiciaria,
703 1654 797 1685 quam
819 1644 851 1673 in
866 1653 974 1674 consu-

87 1685 151 1714 latu
167 1695 236 1715 cum
252 1686 368 1717 Caesare
384 1687 464 1724 tulit,
481 1688 559 1718 Phil.
580 1689 607 1725 1,
625 1690 657 1723 5,
673 1687 773 1722 vlu,
791 1688 820 1717 9.

128 1728 273 1766 Apuleia,
300 1730 338 1758 L.
359 1731 534 1767 Saturnini,
550 1730 665 1760 tribuni
680 1729 723 1770 pl.
740 1731 776 1759 de
793 1728 970 1768 ilsajestate,
