1137 1848
322 69 472 101 INDEX
496 68 670 99 LEGUM.
898 69 940 99 39

53 155 160 193 Fabio,
179 155 233 198 qui
250 155 308 188 hoc
327 156 441 187 salubri
461 153 601 184 instituto
620 154 756 186 Maximi
773 163 939 194 cognomen

52 199 173 229 meruit.

95 243 289 273 Manilianae
318 243 402 283 leges
434 244 587 274 venalium
623 241 854 272 vendendorum
885 239 946 280 (de

51 284 139 315 Orat.
157 285 186 323 Ι,
209 295 234 315 c.
251 285 307 324 58)
324 292 408 316 erant
423 286 573 324 formulae,
590 285 701 326 quibus
717 284 762 314 uti
776 290 897 324 possent
912 282 944 315 in

50 329 139 358 rebus
160 328 322 359 vendendis
345 329 550 370 emendisque,
573 329 672 370 quise
691 327 788 367 decipi
809 327 941 356 nollent:

52 370 134 400 unde
144 372 290 402 Actiones
304 381 450 402 vocamur
465 383 482 402 a
492 374 639 408 Varrone,
657 371 697 400 R.
712 371 751 400 R.
770 369 818 406 II,
835 371 866 407 5,
884 370 918 398 ll
931 379 941 403 ς

52 413 134 444 unde
149 411 179 444 e't
194 414 375 445 verbosiores
391 415 482 446 filisse
493 416 646 446 discimus.
669 413 858 453 Exemplum
875 412 943 442 talis

51 456 126 496 legis
152 463 196 487 est
220 458 303 498 apud
327 457 481 496 eumdem,
502 459 549 495 ΙΙ,
564 459 596 495 3,
613 460 643 487 5.
666 456 834 486 Auctorem
850 455 944 485 habe-

50 499 125 529 bant
139 501 287 530 Manium
306 502 492 537 Manilium,
516 502 537 532 J
543 501 638 533 Ctum
654 509 738 536 eum,
761 499 825 540 qui,
842 498 884 528 A.
898 498 940 528 U.

51 542 126 579 603,
151 544 256 574 consul
285 554 356 574 cum
386 544 424 574 L.
452 545 572 575 Marcio
597 542 764 574 Censorino
787 541 855 572 fuit.
890 540 941 571 De

50 585 208 626 scriptura,
235 593 340 617 utrum
366 588 481 618 Manil.
503 598 542 618 an
564 587 689 619 Mamil.
711 595 740 616 v.
764 584 879 615 Victor.
901 584 940 614 ad

50 628 82 659 V
83 639 140 658 arr.
161 629 184 659 l.
198 640 223 659 c.
240 630 357 660 variant
369 631 449 660 enim
462 630 542 661 fibri.

92 672 202 703 Maria
220 672 295 706 (lata
315 683 332 703 a
354 675 386 704 C.
406 674 523 711 Illarz'o,
541 674 609 704 trib.
627 673 670 714 pl.
692 682 737 710 eo,
761 672 814 713 qui
835 676 940 712 postea

50 724 130 755 saepe
145 716 250 746 consul
266 716 336 751 fuit,
352 717 394 746 A.
411 717 452 747 U.
466 718 543 754 (534)
555 717 707 746 ambitum
719 716 844 751 coercet,
860 719 889 743 et
903 714 940 743 li-

49 758 197 788 bertatem
213 758 348 799 suffragii
363 759 477 790 ferendi
492 765 592 800 auget.
615 759 637 790 J
641 758 716 789 ussit
728 759 809 789 enim
820 763 855 787 ut
862 768 942 796 pon-

49 805 93 830 tes
122 802 318 841 angustiores
336 803 468 844 fierent,
499 813 575 843 quos
604 801 782 842 suffragium
814 801 941 830 ferentes

51 844 229 882 transibant,
248 845 301 885 (de
316 845 412 886 Legg.
429 846 491 883 IV,
510 844 564 884 17)
581 855 619 875 ne
635 844 703 885 quis
715 845 778 875 scil.
795 843 941 884 inspicere

51 887 194 917 tabellam
209 894 321 928 posset,
334 898 372 918 ne
386 898 490 928 rogare
504 888 542 918 de
551 887 706 927 suffragio,
719 893 772 917 aut
787 886 940 927 appellare
961 921 967 924 ²

50 928 205 960 ferentem.
230 930 279 960 Ea
293 931 355 967 lex,
377 932 450 971 quia
469 931 611 972 potentiae
630 940 788 970 procerum
804 929 942 969 opposita

50 979 125 1009 erat,
147 984 165 1003 a
187 973 278 1004 Cotta
293 979 322 1003 et
340 973 469 1004 Metello
489 984 562 1004 coss.
582 978 758 1013 oppugnata
778 973 859 1003 soto
883 978 939 1009 est,

50 1015 102 1045 sed
125 1015 245 1046 frustra.
277 1016 350 1047 Vid.
367 1017 523 1048 Plutarch.
550 1017 583 1046 in
603 1015 717 1054 Mario,
742 1026 772 1057 p.
790 1016 866 1053 407,
890 1015 937 1045 ed.

50 1058 190 1089 U'echel.

92 1103 258 1139 Ιῑίεηιφηὶα,
278 1112 348 1142 quae
368 1113 407 1134 ex
427 1102 514 1134 Orat.
536 1112 591 1143 pro
608 1102 638 1132 S.
655 1100 766 1132 Roscio
780 1101 935 1140 laudatur,

51 1146 160 1175 rectius
177 1147 321 1176 Remmia
336 1145 445 1177 dicitur
457 1157 467 1182 ς
491 1145 529 1176 de
543 1145 606 1186 qu&
621 1155 677 1175 suo
690 1145 766 1175 Ioco.

93 1189 205 1219 ,Mucia
222 1190 363 1219 Licinia.
386 1189 459 1220 Vid.
473 1190 602 1221 Licinia
618 1189 740 1218 sssucia.

94 1233 252 1262 Illz'lz'tares
264 1233 374 1272 Leges.
398 1232 459 1262 Pro
474 1232 594 1269 Flacco,
611 1242 636 1262 c.
653 1232 694 1261 32
708 1243 716 1260 :
735 1232 768 1261 Si
771 1229 878 1269 justas
890 1232 942 1261 in-

51 1275 200 1306 imicitias
209 1277 354 1315 putabas,
369 1286 437 1309 cur,
454 1285 521 1305 cum
535 1276 605 1305 trib.
624 1276 688 1304 mil.
705 1275 840 1304 Flaccus
855 1281 937 1310 esset,

52 1319 88 1347 in
102 1318 168 1357 (jus
183 1320 300 1358 legione
315 1319 522 1359 miksficistss
541 1328 611 1347 eum
625 1318 679 1348 tibi
688 1328 746 1357 per
763 1319 840 1358 leges
855 1319 939 1347 mili-

51 1366 134 1391 tares
148 1361 286 1402 effingere
298 1363 400 1392 liceret
413 1363 609 1402 iniquitatem
620 1362 740 1391 tribuni
751 1361 768 1389 ,Ρ
787 1361 848 1401 Ap.
863 1361 940 1401 Lip-

52 1404 144 1441 sium,
167 1405 205 1435 de
226 1406 274 1435 Re
289 1405 386 1435 Milit.
402 1405 479 1441 XV,
500 1405 549 1442 15,
569 1404 607 1434 de
618 1404 736 1444 legibus
752 1403 936 1434 militaribus

51 1447 163 1487 agitur,
180 1448 232 1478 sed
247 1448 284 1478 de
297 1448 416 1488 legibus
430 1447 505 1477 furti
523 1453 654 1485 tantum,
670 1446 748 1476 nihil
763 1446 800 1476 de
814 1447 938 1485 caeteris,

51 1496 105 1519 aut
118 1490 156 1520 de
171 1491 218 1528 eii,
234 1490 273 1520 ad
288 1501 381 1531 quam
402 1490 534 1530 respexit
549 1490 663 1520 Cicero.
693 1490 742 1519 Ea
756 1495 859 1519 autem
874 1490 940 1520 haec

51 1532 121 1570 fuit,
137 1538 183 1572 ut,
199 1533 223 1563 si
239 1533 307 1574 quis
322 1533 398 1563 forte
414 1533 445 1562 in
461 1534 527 1572 ejus
546 1532 661 1562 tribuni
680 1533 830 1572 legionem
851 1532 939 1562 miles

49 1575 174 1606 allectus
189 1583 274 1612 esset,
297 1586 389 1616 quem
405 1576 461 1606 sibi
483 1581 603 1616 putaret
626 1575 795 1611 inimicum,
811 1585 941 1615 eamque

50 1628 116 1648 rem
127 1619 251 1659 planam
261 1619 356 1649 facere
367 1625 477 1660 posset,
486 1625 520 1648 ut
532 1619 569 1655 is,
580 1618 718 1659 inquam,
731 1629 769 1648 ex
779 1618 814 1648 eii
823 1618 942 1658 legione

51 1661 83 1690 in
99 1661 191 1692 aliam
205 1661 331 1693 transire
345 1667 456 1703 posset,
462 1671 500 1693 ne
515 1661 668 1702 iniquitati
682 1661 798 1693 inimici
813 1660 942 1692 obnoxi·-

53 1713 89 1734 us
103 1710 188 1735 esset.
