1122 1868
170 89 228 120 190
381 88 530 120 INDEX
553 89 837 121 HISTORICUS.

209 175 363 212 Cornelia,
387 175 426 205 ad
450 175 521 206 Div.
545 175 587 214 V,
613 176 644 206 6.
666 185 745 206 uxor
765 174 801 205 P.
825 172 932 212 Sextii,
955 172 1049 205 Com.

169 217 316 258 Scipionis
332 217 402 248 filia.

210 262 379 299 Cornelius,
403 261 490 292 Verr.
521 260 570 292 IV
572 284 581 299 ‚
608 264 659 292 11.
683 260 818 291 medicus
838 260 873 291 C.
894 258 999 291 Verris
1018 258 1051 288 in

169 303 281 334 Sicilia.

212 348 383 385 Cornelius,
407 347 496 377 Verr.
521 346 567 385 ΙΙ,
590 348 640 378 26.
664 347 751 378 lictor
774 345 890 384 Verris,
910 354 1050 386 proquae-

166 389 262 419 storis.

211 433 371 463 Cornelius
396 434 561 471 Callemus,
585 433 657 463 Div.
685 432 712 469 Ι,
735 434 764 462 2.
788 431 866 470 Ejus
882 429 1050 461 Octaviano

165 475 245 505 bello
265 475 461 506 furibundam
482 477 707 518 praedictionem
730 473 912 505 audiendam
933 472 1052 514 putavit

168 525 297 548 senatus.

212 563 383 597 Cornelius,
409 562 474 592 Att.
494 563 522 599 Ι,
543 564 590 592 12.

208 605 249 634 A.
268 606 441 641 Cornelias,
461 606 532 635 Div.
554 605 582 643 Ι,
608 605 658 635 24.
676 604 791 635 Consul
806 613 876 634 cum
892 603 940 633 M.
956 601 1051 633 Vale-

167 647 211 677 rio
227 648 257 677 in
274 648 353 677 bello
368 648 545 685 Samnitico,
569 649 611 678 A.
628 648 699 677 410.

212 691 247 720 C.
265 692 438 727 Cornelius,
456 689 639 732 (Cethegus)
660 691 750 720 Brut.
771 689 820 719 18.
842 688 958 720 Consul
982 697 1053 718 cum

167 733 210 770 Q.
225 733 364 763 Minucio
381 734 420 763 A.
440 735 480 764 U.
497 734 568 764 556.

212 778 243 806 C.
263 778 433 813 Cornelius,
459 777 528 817 (qui
539 787 557 806 a
572 776 715 807 Cicerone
730 774 869 805 defensus
883 780 927 805 est
941 774 978 804 de
993 771 1048 812 vi.)

166 818 255 849 Brut.
285 820 335 854 73.
366 830 384 850 a
412 821 447 850 P.
474 819 614 850 Cominio
649 818 802 858 Spoletino
831 817 869 847 de
893 818 1050 856 majestate

163 868 330 892 accusatur.
354 862 444 892 Corn.
462 861 488 892 Ι.
505 873 572 893 reus
587 861 761 901 majestatis.
784 860 888 892 vatin.
904 861 934 890 2.
946 859 1050 890 defen-

163 905 245 934 ditur
261 904 432 936 tribunatus
447 907 523 945 ejus.

209 950 240 978 C.
264 949 437 985 Cornelius,
463 949 539 979 Sull.
565 949 594 978 2.
621 948 650 977 6.
676 957 767 988 eques
791 947 883 977 Rom.
909 945 1048 976 Catilinae

164 991 273 1028 socius,
291 991 357 1031 qui,
376 1002 446 1021 cum
464 990 663 1031 Varguntei0‚
689 990 864 1020 Ciceronem
887 988 920 1018 in
938 987 1049 1018 lectulo

166 1034 330 1064 interficere
346 1034 450 1064 voluit.

209 1079 242 1107 C.
260 1078 432 1114 Cornelius,
457 1077 534 1108 Sull.
551 1079 600 1106 18.
617 1076 697 1106 filius
713 1075 752 1107 C.
766 1075 897 1106 Cornelii
913 1075 978 1114 ejus
993 1073 1047 1115 qui

165 1121 243 1150 inter
256 1120 447 1150 Catilinarios
461 1119 530 1149 fuit.

209 1164 263 1192 Cn.
290 1164 460 1199 Cornelias,
489 1163 567 1202 Agr.
594 1160 640 1197 ΙΙ,
666 1165 697 1192 4.
723 1167 767 1191 est
791 1161 848 1191 Cn.
874 1158 1048 1195 Dolabella,

165 1206 218 1248 qui
233 1206 338 1236 consul
353 1216 423 1236 cum
443 1205 491 1235 M.
507 1205 614 1235 Tullio
633 1203 751 1235 Deculzi
770 1204 839 1242 fuit,
860 1204 903 1234 A.
920 1203 960 1233 U.
977 1202 1051 1237 672.

174 1259 219 1279 πο
235 1248 325 1278 Corn.
346 1248 374 1278 I.

164 1260 176 1290 l
205 1294 263 1322 Cn.
283 1292 452 1327 Cornelia&
476 1291 567 1321 Balb.
584 1292 612 1320 8.
628 1291 728 1330 legem
741 1289 779 1320 de
790 1289 909 1320 civitate
918 1298 955 1318 ex
965 1287 1046 1318 SCto

163 1335 243 1365 tulit.
268 1334 325 1364 Est
347 1334 403 1364 Cn.
422 1333 581 1364 Cornelius
602 1333 764 1371 Lentulus,
781 1333 834 1374 qui
856 1333 899 1362 A.
915 1331 956 1361 U.
973 1331 1045 1360 681.

164 1378 270 1408 consul
285 1377 352 1407 fuit.

205 1423 262 1451 Cn.
282 1421 451 1457 Cornelius,
475 1419 513 1450 ad
534 1419 607 1450 Div.
621 1419 702 1457 VII,
719 1420 749 1450 9.
766 1418 881 1454 amicus
896 1415 1044 1453 Trebatii,

163 1462 254 1493 homo
269 1465 423 1493 obscurus.

208 1507 247 1536 L.
267 1507 440 1543 Cornelius,
464 1506 556 1535 Balb.
577 1506 625 1540 17.
644 1510 688 1536 est
703 1504 830 1535 Balbus.

208 1550 247 1579 L.
268 1550 427 1578 Cornelius
454 1549 667 1588 Chrysogonus,
691 1557 746 1588 pro
770 1548 858 1576 Rosc.
885 1545 992 1575 Amet.
1018 1545 1050 1575 2.

167 1591 292 1621 libertus
308 1592 345 1621 L.
363 1592 456 1621 Sullae
471 1590 712 1631 gratiosissimus.
739 1590 779 1620 V.
797 1590 1020 1628 Chrysogonus.

208 1636 258 1664 M.
279 1635 437 1663 Cornelius
463 1635 614 1674 Cethegus,
645 1634 734 1663 Brut.
760 1632 806 1662 15.
829 1632 929 1662 Marci
954 1630 1045 1661 filius.

165 1677 237 1708 vid.
256 1678 302 1706 M.
322 1678 479 1715 Cethegus.

208 1721 255 1750 M.
274 1721 448 1757 Cornelius,
470 1720 538 1749 Att.
555 1719 584 1756 Ι,
603 1719 652 1749 13.

206 1764 248 1792 Ρ.
276 1763 436 1793 Cornelius
463 1762 601 1802 Rufinus.
625 1761 680 1791 Or.
707 1759 753 1797 ΙΙ,
780 1760 831 1791 66.
850 1769 969 1798 avarus,
993 1758 1047 1790 sed
