1122 1868
97 49 157 84 178
309 48 458 81 INDEX
481 49 767 81 HISTORICUS.

90 134 174 175 apud
189 134 338 166 Caesarem
349 136 498 166 accusavit
510 135 547 166 de
562 135 687 166 insidiis.
709 135 788 175 Ejus
803 140 888 177 pater
899 146 979 176 quo-

91 188 153 218 que
171 178 277 209 Castor
297 178 366 216 fuit,
385 179 439 220 qui
459 179 670 219 chronologica
689 178 817 219 scripsit,
836 178 979 209 laudatus

93 221 238 259 Eusebio,
256 221 368 259 Suidae,
385 228 414 252 et
428 222 504 252 aliis.
521 222 562 252 V.
575 222 684 262 Scalig.
697 221 735 251 ad
750 222 863 252 Euseb.
879 232 910 262 p.
930 224 979 252 18.

140 264 277 302 Cusmrris,
300 275 339 295 sc.
355 264 444 301 aedes,
461 265 568 302 Quint.
586 268 616 294 4.
640 265 677 294 In
688 264 720 295 ea
733 265 874 304 pecunias
889 264 980 305 depo-

95 305 166 337 sitas
180 317 241 337 esse
256 313 471 338 commemorat
488 307 635 337 Graew'us.
652 307 712 337 Sed
726 307 784 337 hoc
795 307 839 337 nil
850 307 889 337 ad
905 317 980 338 rem.

95 349 198 380 Locus
221 350 416 391 explicandus
439 349 557 380 videtur
577 360 593 380 e
614 350 701 380 Verr.
728 349 774 387 ΙΙ,
799 351 851 381 49.
874 349 924 380 De
944 350 981 380 ea

96 392 162 422 aede
185 394 283 423 multa
301 393 332 423 in
357 393 462 423 eudem
477 393 627 423 Verrina:
651 394 716 432 ejus
737 399 766 423 et
789 393 862 423 alibi
877 393 980 423 erebra

95 436 219 465 mentio.
243 436 281 466 de
296 435 368 466 Div.
385 435 413 471 I,
431 438 481 465 40.
498 436 575 466 aedes
591 436 723 466 Castoris
736 436 874 466 Tusculi.

141 479 188 508 M.
209 479 378 517 Castricius,
402 479 490 509 Verr.
508 479 568 514 lv.
586 480 636 508 80.
658 489 750 519 eques
770 479 862 508 Rom.
880 479 982 510 Flacc.

97 524 150 551 23.
183 521 250 552 Att.
272 520 319 559 ΙΙ,
344 523 374 557 7.
399 522 516 551 videtur
542 521 708 562 negotiator
729 521 761 551 in
782 521 857 552 Asia
879 522 982 553 fuisse.

99 563 180 603 XII,
197 566 247 594 28.
264 565 390 595 creditor
407 564 569 595 Ciceronis.

143 608 180 637 L.
199 610 355 637 ‘'nstriuius
370 607 486 644 Paetus,
509 607 548 637 ad
564 606 636 637 Div.
652 607 753 643 VIII,
770 610 800 637 2.

143 651 180 680 L.
200 652 368 681 Castronius
385 653 501 686 Paetus,
517 649 556 679 ad
572 650 644 680 Div.
661 649 760 687 XIII,
780 653 825 680 13.
842 650 982 691 princeps

99 693 258 734 municipii
277 694 432 724 Lucensis.
457 692 543 722 Idem
559 703 629 722 cum
644 693 829 733 praecedente
843 693 983 730 videtur3

98 736 233 777 alterque
248 737 331 767 locus
346 746 383 766 ex
398 736 492 766 altero
506 736 708 776 corrigendus.

146 780 179 809 ¹1:
199 782 345 819 Catienus,
369 780 432 818 Qu.
448 779 500 809 Fr.
517 777 545 816 Ι,
567 783 618 809 22.
635 779 771 820 queritur
785 779 822 809 de
837 779 879 817 Q.
897 778 985 811 Cice-

99 831 181 853 rone.

145 866 182 895 L.
201 867 337 903 Catilina,
357 877 373 896 e
394 865 515 905 Sergiis.
537 865 628 896 Catil.
653 864 700 903 II,
728 869 754 896 1.
778 865 851 897 Vid.
875 865 983 906 Argu-

98 914 192 939 ment.
210 909 366 939 Catilinar.
391 909 465 939 Coel.
482 912 511 938 4.
527 914 594 949 post
605 915 769 949 praeturam
784 909 903 945 Africae‚
915 919 987 939 cau..

99 963 162 982 sam
189 952 226 982 de
246 952 418 993 repetundis
438 951 519 982 dicit.
543 952 609 981 Att.
632 951 659 988 Ι,
685 956 714 982 2.
736 962 807 982 eum
827 951 987 982 defendere

98 1001 168 1025 ante
179 997 369 1026 consulatum
384 995 415 1025 in
428 994 542 1035 judicio
555 994 664 1035 cogitat
679 994 794 1025 Cicero.
809 994 837 1031 Ι,
859 995 905 1025 16.
928 994 985 1025 Bis

100 1038 277 1075 absolvitur,
302 1038 339 1068 de
361 1038 475 1068 incestu
496 1044 525 1068 et
544 1037 581 1067 de
601 1037 783 1077 repetundis.
807 1038 906 1068 Flacc.
930 1038 982 1067 38.

99 1081 164 1119 ejus
180 1082 362 1122 sepulcrum,
379 1081 523 1111 damnato
544 1079 582 1110 C.
595 1080 743 1116 Antonio,
759 1080 883 1110 floribus
897 1090 986 1110 orna-

99 1129 162 1161 tur,
179 1130 208 1153 et
223 1125 321 1165 epulis
343 1124 518 1154 celebratur.
543 1122 618 1154 Coel.
641 1124 670 1151 5.
687 1123 805 1153 w'rtutis
825 1123 986 1153 simulacra

99 1166 132 1195 in
153 1177 187 1196 eo
202 1173 286 1197 erant
300 1167 407 1197 multa.
432 1167 480 1196 De
496 1167 560 1205 ejus
576 1175 687 1207 proavo
704 1171 748 1196 est
762 1165 887 1206 insignis
902 1165 985 1196 locus

102 1219 150 1250 ap.
166 1210 245 1239 Ptin.
260 1210 303 1240 H.
320 1210 362 1240 N.
380 1209 459 1246 VII,
475 1211 527 1239 28.

149 1254 282 1291 Gauius,
306 1253 344 1283 ad
360 1253 431 1284 Div.
448 1253 491 1289 V,
512 1256 559 1284 lo.
577 1252 672 1293 pirata
686 1251 717 1281 in
732 1250 899 1281 Dalmatia.

148 1298 259 1334 Cutius,
284 1295 422 1333 Insuber,
450 1295 489 1325 ad
518 1296 591 1326 Div.
621 1294 698 1332 XV,
732 1295 781 1324 15.
814 1294 984 1335 Epicureus

102 1338 254 1370 Ciceronis
273 1340 470 1379 temporibus,
490 1350 508 1369 a
528 1348 588 1380 quo
609 1344 724 1378 spectra
739 1337 878 1367 Catiana.
904 1337 987 1367 Nam

103 1389 269 1416 φαντασιας
292 1381 514 1422 Epicureorum
542 1388 572 1412 et
598 1381 702 1410 ειδωλα
731 1380 841 1410 Latine
869 1379 987 1410 dixerat

102 1430 222 1463 spectra.
243 1425 281 1454 ad
298 1425 368 1454 Div.
385 1425 462 1463 XV,
482 1426 530 1455 19.

148 1468 179 1497 C.
210 1469 320 1504 Catius,
346 1467 502 1504 Vestinus,
527 1467 565 1497 ad
590 1466 663 1496 Div.
690 1465 734 1503 X,
762 1468 813 1497 23.
842 1465 982 1496 tribunus

102 1509 238 1540 militum
252 1510 284 1539 in
300 1511 431 1540 exercitu
448 1510 496 1540 M.
507 1509 643 1540 Antonii.

149 1554 277 1583 Calones.
301 1552 350 1582 De
368 1554 520 1583 Catonum
535 1558 624 1593 gente
639 1558 682 1581 est
696 1551 821 1591 insignis
835 1551 918 1581 locus
938 1561 988 1591 ap.

105 1595 255 1632 Plinium,
281 1595 325 1625 H.
352 1595 395 1625 N.
424 1595 503 1635 VII,
534 1598 583 1626 14.
608 1595 661 1625 ubi
684 1601 813 1625 stemma
836 1594 989 1624 Catonum

105 1639 261 1680 proposuit
273 1638 462 1668 Hal-dminus.

146 1684 178 1713 Ο-
198 1682 279 1719 Cato,
303 1681 390 1711 Verr.
408 1681 451 1718 V,
470 1682 519 1711 lo.
533 1682 585 1711 28.
611 1679 659 1710 M.
673 1679 798 1710 Catonis
813 1678 937 1710 censorii
953 1683 983 1709 et

107 1724 146 1755 11.
161 1724 251 1754 Pauli
266 1733 371 1764 nepos,
388 1722 468 1753 filius
483 1724 590 1755 sororis
611 1723 648 1753 P.
666 1722 812 1758 Africani,
829 1732 866 1752 ex
883 1721 988 1751 Mace-
