1137 1848
247 46 397 78 INDEX
420 43 790 77 GEOGRAPHICUS.
919 42 960 72 69

85 147 88 150 -
120 131 250 171 Bovillae,
265 132 304 163 ad
320 133 386 163 Att.
408 131 471 170 VI,
491 134 541 167 13,
564 129 714 172 oppidum
739 138 800 159 non
824 127 929 169 procul
944 137 962 157 a

72 175 140 205 lacu
161 175 300 213 Albano,
316 176 355 206 ad
369 175 450 206 viam
465 174 618 216 Appiam,
636 172 675 202 ad
695 172 778 213 quod
793 170 921 202 Clodius
940 180 959 199 a

72 217 192 248 Milone
206 218 380 249 interfectus
395 223 460 253 est;
477 227 571 258 quam
586 215 699 247 caedem
714 215 819 245 Cicero
828 224 960 252 pugnam

76 259 222 290 Bovillam
245 268 339 292 vocat.
365 262 429 302 Ap.
449 261 474 291 F
477 266 554 290 ront.
579 259 617 290 de
641 258 749 290 Colon.
772 268 803 299 p.
830 260 902 294 103,
919 262 962 286 est

74 303 167 333 etiam
184 303 306 334 Bovilla.

117 345 258 384 Bovillas,
270 347 330 386 adj.
347 346 386 376 ad
400 346 468 376 Att.
486 346 529 383 V,
549 349 598 376 13.

118 390 274 419 Bovillana
288 389 435 427 vicinitas,
451 399 506 430 pro
523 389 627 418 Plane.
644 389 674 418 9.

120 431 432 472 Bovillmzusfimdus,
448 432 487 462 ad
502 432 542 469 Q.
566 432 616 461 Fr.
635 430 700 465 ΙΙΙ,
721 432 750 467 l,
774 433 806 465 2,
823 430 861 459 ab
877 428 964 469 igno-

75 473 130 505 bili
145 475 210 506 loco
224 475 255 505 in
272 474 426 517 Arpinati,
441 484 503 504 non
518 474 647 505 Bovillis
665 473 737 511 illis,
754 483 823 513 quae
839 478 909 502 sunt
924 470 963 501 ad

78 518 110 548 A
155 518 226 548 iam.

112 528 328 597 Iffrnnriisinm,
341 560 489 601 oppidum
504 560 536 590 in
551 558 703 597 Calabria,
714 564 804 600 portu
816 557 846 587 in
859 557 965 599 primis

78 603 185 641 nobili,
201 614 217 635 e
231 614 293 644 quo
307 605 448 643 trajectus
464 603 495 633 in
512 603 665 633 Graeciam

121 647 249 684 Bruttii,
264 647 371 687 populi
387 647 514 687 Magnae
530 646 663 676 Graeciae.

125 689 297 726 Ballienses,
313 690 344 719 in
358 689 458 719 Pison.
475 691 530 726 40,
542 689 605 719 sine
621 688 714 719 dubio
728 698 747 718 a
764 687 883 717 Bullide
895 685 968 716 Ma-

79 732 212 762 cedoniae
229 732 361 773 (proprie
389 731 516 773 Iflyriae)
536 733 622 770 urbe,
639 738 668 761 et
683 731 806 767 Caesari,
823 730 860 760 de
875 730 914 760 Β.
932 730 968 759 C.

83 774 149 811 ΙΙΙ,
173 776 227 811 40,
246 776 434 810 ηιεῐηοῐαῖὲις
458 775 539 805 unde
562 775 599 804 F.
624 774 754 804 Ursinus
777 773 969 809 rescribebat,

83 818 279 856 Bullidenses,
295 824 331 848 ut
348 818 440 848 habet
464 817 546 848 idem
569 818 681 853 Caesar,
697 817 718 846 1.
736 827 760 846 c.
777 827 802 846 c.
824 819 872 853 1‘2,
897 816 971 846 item

85 861 206 891 Plinius
221 862 329 899 major,
345 861 405 897 IV,
419 863 469 890 10.
501 860 582 891 Phil.
598 860 662 897 XI,
684 863 733 897 ll,
748 859 859 890 dicitur
870 859 973 899 Byllzs.

83 904 139 934 Ad
154 903 226 934 Div.
245 903 346 940 XIII,
362 905 416 939 42,
435 903 592 933 Bulliones.

128 947 320 983 Buthrotum,
344 946 493 987 oppidum
514 945 613 987 Epiri,
640 946 672 976 in
696 955 757 986 quo
777 944 901 975 Atticus
921 944 975 974 do-

84 999 173 1019 mum
195 989 311 1020 habuit.
344 989 394 1019 De
416 990 481 1028 ejus
497 989 579 1019 urbis
594 989 684 1019 eausa
705 998 784 1028 saepe
800 995 844 1018 est
858 987 889 1017 in
906 998 975 1027 epp.

85 1032 125 1062 ad
139 1032 207 1062 Att.
224 1032 490 1073 quaecognoscitur
501 1031 615 1073 optime
630 1042 669 1062 ex
685 1031 811 1071 epistol&
825 1030 864 1060 ad
880 1030 975 1060 Plan-

84 1085 178 1111 cum3
203 1075 243 1105 ad
258 1076 326 1105 Att.
344 1075 440 1111 XVI,
462 1078 510 1105 16.

131 1118 319 1155 Buthrotum,
335 1117 374 1147 ad
389 1118 456 1147 Att.
472 1117 532 1155 IV,
549 1118 580 1153 8,
593 1117 749 1157 adjective.

131 1161 240 1201 Byllis,
257 1161 370 1201 Philip.
388 1160 452 1197 XI,
472 1164 522 1197 ll,
546 1160 695 1201 oppidum
709 1160 740 1190 in
756 1159 809 1189 οι-ἲι
823 1158 978 1189 maritima

88 1203 289 1239 Macedoniae,
306 1215 329 1234 s.
346 1203 470 1244 Illyriae,
487 1203 570 1245 quod
585 1209 614 1233 et
630 1203 724 1233 Bullis
742 1202 871 1232 dicitur:
895 1202 977 1232 unde

87 1247 119 1276 in
129 1246 213 1276 libris
224 1247 397 1282 Ballienses,
412 1257 435 1275 s.
450 1247 643 1282 Bullidenses,
659 1252 688 1276 et
701 1246 887 1285 Byllzdenses.
904 1245 976 1275 Vid.

89 1289 164 1319 Var.
187 1289 271 1319 Lect.
298 1289 338 1319 ad
362 1289 439 1319 Caes.
453 1289 490 1319 de
505 1290 543 1319 B.
557 1289 594 1319 C.
609 1288 674 1324 ΙΙΙ,
696 1292 746 1324 12,
769 1292 822 1323 40,
843 1295 873 1318 et
898 1288 976 1317 viros

91 1331 194 1362 doctos
224 1332 263 1361 ad
289 1331 357 1363 Liv.
374 1332 539 1370 XXXVI,
561 1333 602 1369 73
632 1332 723 1372 impr.
757 1330 913 1361 Drakenb.
939 1330 978 1361 ad

91 1374 218 1413 XLIV,
235 1375 286 1406 30.

513 1461 549 1492 C.

134 1547 263 1583 Caesena,
274 1547 313 1578 ad
325 1547 398 1578 Div.
408 1546 505 1585 XVI,
518 1547 573 1585 27,
585 1546 733 1588 oppidum
747 1546 779 1576 in
796 1546 898 1577 Gallia
909 1544 978 1576 Cis-

91 1591 211 1632 padane
226 1590 390 1621 Senonum.

137 1635 257 1672 caicus,
274 1634 372 1663 Flacc.
389 1635 442 1669 29,
455 1632 554 1663 amnis
570 1631 692 1673 Mysiae.

137 1678 250 1713 Caieta,
275 1676 313 1706 ad
336 1676 404 1706 Att.
428 1675 456 1713 1,
480 1676 512 1711 3,
537 1681 642 1716 portus
665 1675 781 1706 celeber
807 1673 914 1712 Italiae,
939 1674 977 1705 ad

93 1719 183 1750 Mare
207 1718 358 1757 Inferum,
374 1728 467 1760 prope
488 1718 637 1757 Formias,
661 1718 716 1749 ubi
737 1724 801 1748 erat
827 1717 978 1749 Ciceronis
