1137 1848
306 84 457 115 INDEX
482 83 767 115 HISTORICUS.
925 83 982 113 121

141 170 294 212 AEgialus,
310 176 339 201 et
352 170 522 210 AEgz'aleus,
539 170 581 200 N.
597 169 639 199 D.
658 169 723 207 III,
739 170 786 199 19.
810 168 909 210 Apud
925 168 986 199 Pa-

95 214 218 244 cuvium
234 220 278 243 est
293 213 453 254 Absyrtus.

138 258 308 294 AEgisthus,
326 257 368 287 N.
385 256 426 286 D.
446 255 510 293 III,
527 257 580 293 38,
592 255 791 286 libidinosus:
816 256 984 295 Agamem—

94 300 181 329 nonis
196 300 375 330 interfector.

137 344 281 383 AEgyptn,
304 342 342 372 ad
372 341 438 372 Att.
469 341 639 380 VIII,15,
662 342 782 373 Divers.
809 341 906 379 XVI,
932 342 982 377 15,

94 395 196 416 servus
212 391 241 415 et
255 385 362 415 deinde
377 385 503 415 libertus
519 385 680 415 Ciceronis.

135 430 171 458 sl?
180 429 225 461 lii,
241 439 295 469 pro
307 427 428 459 Cluent.
443 429 495 466 2²6,
507 428 624 458 familia
639 428 731 458 Rom.
748 427 877 469 plebeia.
895 428 982 466 cujus

91 471 271 511 cognomina
290 482 338 512 ap.
363 470 552 507 Ciceronem,
570 469 678 507 Catus,
706 472 819 507 Paetus,
844 470 981 506 Tubero,

90 514 220 544 Lamia:
246 523 344 554 neque
360 514 449 554 plura
464 514 495 543 in
511 514 646 544 nummis
662 520 714 544 aut
730 514 795 544 aliis
810 513 982 543 monimen-

91 557 138 587 tis.
162 557 348 598 Opinionem
370 556 484 597 Pigbii,
508 557 635 593 Norisii,
658 562 687 587 et
708 557 849 590 aliorum,
872 565 982 585 nomen

93 599 149 629 hoc
160 600 360 630 derivandum
373 601 410 629 ab
421 600 493 629 allio
504 615 515 636 ;
531 600 612 629 unde
622 601 757 640 primum
770 600 863 636 Allii,
876 598 984 628 deinde

98 644 190 679 Az'lz'i,
204 649 233 673 et
245 642 367 672 tandem
384 644 464 672 AElii
478 642 549 673 facti
565 642 635 677 sint,
653 644 729 673 bene
738 642 847 672 refellit
864 641 983 671 Duker.

94 686 133 715 ad
148 686 216 715 Liv.
235 684 386 722 XXXII,
401 686 430 720 7.
454 685 503 716 De
518 685 635 715 familia
648 686 803 715 AEliorum
816 695 844 714 v.
861 684 983 714 Reines.

94 728 153 769 Ep.
171 728 209 758 ad
225 728 333 758 Hofm.
358 735 386 758 et
410 729 493 769 Rup.
511 739 557 768 ep.
575 729 628 763 48,
649 734 678 758 et
693 729 822 769 Rupert.
836 727 874 757 ad
890 727 984 757 Pom-

91 781 162 811 pon.
180 771 304 801 Enchir.
322 771 386 807 ΙΙΙ,
400 772 430 800 4.

137 816 252 852 AElius,
278 825 334 855 pro
358 815 441 844 Sext.
465 815 518 851 43,
550 814 658 854 Ligur.
681 813 802 844 Pisonis
827 823 916 843 socer.
940 813 981 844 V.

92 858 208 896 Ligur.

136 902 166 931 L
182 901 295 931 AElius.
311 900 365 930 Ad
382 901 458 931 Her.
474 899 535 937 IV,
561 903 612 933 1⁶2,
629 900 656 930 ei
672 899 810 929 Lucilius
820 899 912 929 libros
928 899 983 929 Sa-

93 944 217 974 tirarum
245 944 403 984 inscripsit.
429 944 544 973 Versus
558 943 589 972 h.
610 943 631 972 1.
653 943 789 983 prolatus
809 948 853 972 est
874 953 889 972 e
904 942 982 972 libro

93 988 202 1027 primo,
219 996 317 1027 neque
333 987 455 1016 affertur
467 997 484 1015 a
500 985 616 1015 Dousa.
628 986 717 1015 Brut.
736 986 788 1020 46,
806 985 982 1025 Caepionem

92 1030 226 1060 defendit
241 1035 343 1059 contra
358 1029 398 1058 Τ.
413 1029 589 1064 Betucium,
607 1030 663 1058 ἃς.
689 1027 850 1058 Orationes
866 1027 983 1067 scripsit

90 1079 221 1110 tantum,
247 1081 308 1102 non
329 1072 398 1112 egit.
424 1073 513 1102 Brut.
539 1072 592 1107 56,
618 1081 708 1111 eques
730 1071 823 1100 Rom.
846 1070 982 1100 eruditus

92 1115 206 1146 Graecis
235 1115 328 1144 literis
352 1120 381 1145 et
410 1114 540 1149 Latinis,
572 1115 703 1149 Stoicus,
735 1113 922 1154 antiquitatis
953 1119 982 1143 et

91 1159 270 1199 scriptorum
300 1163 436 1188 veterum
460 1158 578 1187 literate
599 1157 724 1197 peritus,
758 1156 805 1185 M.
835 1156 981 1186 Varronis

90 1207 264 1242 praeceptor,
282 1201 371 1231 etiam
387 1211 405 1230 a
427 1200 570 1231 Cicerone
586 1200 771 1229 adolescente
794 1199 981 1239 perstudiose

89 1244 220 1274 auditus.
252 1243 364 1274 Orator
378 1253 438 1273 non
460 1243 531 1279 fuit,
553 1243 605 1272 sed
631 1242 748 1282 scripsit
773 1247 893 1272 tantum
914 1252 981 1271 ora-

88 1287 184 1317 tiones
206 1286 283 1316 aliis.
315 1286 412 1316 Acad.
441 1286 468 1323 Ι,
500 1287 532 1321 ⁶2,
561 1285 598 1315 de
628 1285 809 1325 antiquitate
836 1284 979 1314 Roman&

88 1330 213 1370 scripsit.
239 1329 289 1359 De
310 1329 386 1369 Leg.
411 1328 458 1365 ΙΙ,
476 1329 529 1365 23,
553 1328 671 1368 scripsit
697 1327 727 1357 in
745 1326 814 1357 XII
831 1327 978 1357 Tabulas.

88 1372 276 1413 Cognomine
292 1372 389 1402 dictus
404 1371 530 1412 duplici,
554 1371 629 1401 Stilo
650 1376 679 1400 et
700 1370 904 1400 Praeconinus.
928 1369 978 1400 De

87 1426 121 1446 eo
136 1426 164 1445 v.
181 1415 304 1446 Sueton.
325 1415 362 1444 de
385 1415 556 1445 Grammat.
579 1424 603 1444 c.
621 1414 640 1442 3
655 1425 663 1443 z
691 1424 717 1442 v.
735 1413 772 1443 de
788 1423 822 1443 eo
840 1411 976 1443 Carrion.

80 1459 166 1488 Lect-
175 1464 236 1488 ant.
255 1457 281 1495 I,
298 1459 329 1492 8,
347 1463 376 1488 et
391 1469 406 1488 c
418 1457 525 1488 ollecta
540 1456 702 1486 Harduino
717 1456 747 1485 in
765 1455 834 1486 Ind.
857 1456 976 1486 Aucto-

85 1511 153 1531 rum
170 1500 208 1530 ad
224 1501 305 1530 Plin.
316 1501 361 1531 H.
372 1501 415 1531 N·

128 1545 166 1573 L.
184 1544 292 1578 AElius,
318 1543 380 1573 Pis.
407 1544 459 1579 27,
486 1544 543 1573 ἃς.
562 1543 618 1572 ἃς.
653 1542 764 1572 Lamia
783 1541 975 1582 cognomine,

83 1596 175 1627 quem
192 1586 263 1616 Piso
283 1592 312 1616 et
335 1586 486 1617 Gabinius
506 1585 644 1616 consules
664 1585 748 1615 Urbe
773 1585 855 1615 exire
876 1586 975 1624 jusse-

83 1635 166 1666 runt,
192 1629 318 1669 insignis
347 1629 462 1659 amicus
485 1634 514 1658 et
537 1627 674 1658 defensor
695 1627 858 1664 Ciceronis,
884 1637 976 1668 eques

83 1672 175 1702 Rom.
191 1672 326 1712 quicum
342 1671 455 1702 caeteris
470 1671 622 1711 equitibus
637 1670 750 1701 clivum
761 1670 975 1710 Capitolinum

80 1714 247 1751 obsederat,
269 1724 339 1745 cum
368 1715 406 1745 de
429 1713 612 1744 Catilinariis
641 1713 818 1743 deliberaret
838 1719 977 1743 senatus.

81 1757 251 1796 =<sepissime
266 1757 387 1787 nomine
404 1757 522 1788 Lamiae
545 1756 684 1786 Ciceroni
702 1766 872 1786 commemo
880 1761 975 1785 ratur.

127 1800 271 1835 (clavis.)
726 1807 751 1827 M
