<?xml version="1.0" encoding="UTF-8"?>
<!DOCTYPE html PUBLIC "-//W3C//DTD XHTML 1.0 Transitional//EN"
    "http://www.w3.org/TR/xhtml1/DTD/xhtml1-transitional.dtd">
<html xmlns="http://www.w3.org/1999/xhtml" xml:lang="en" lang="en">
 <head>
  <title>
</title>
<meta http-equiv="Content-Type" content="text/html;charset=utf-8" />
  <meta name='ocr-system' content='tesseract 3.04.00' />
  <meta name='ocr-capabilities' content='ocr_page ocr_carea ocr_par ocr_line ocrx_word'/>
</head>
<body>
  <div class='ocr_page' id='page_1' title='image "./operaern12ciceuoft_0301.png"; bbox 0 0 1137 1848; ppageno 0'>
   <div class='ocr_carea' id='block_1_1' title="bbox 293 87 959 121">
    <p class='ocr_par' dir='ltr' id='par_1_1' title="bbox 293 87 959 121">
     <span class='ocr_line' id='line_1_1' title="bbox 293 87 959 121; baseline -0.005 0"><span class='ocrx_word' id='word_1_1' title='bbox 293 89 443 121; x_wconf 91' lang='lat' dir='ltr'>INDEX</span> <span class='ocrx_word' id='word_1_2' title='bbox 466 87 752 121; x_wconf 88' lang='lat' dir='ltr'><strong>HISTORICUS.</strong></span> <span class='ocrx_word' id='word_1_3' title='bbox 894 88 959 119; x_wconf 85' lang='grc'>289</span> 
     </span>
    </p>
   </div>
   <div class='ocr_carea' id='block_1_2' title="bbox 78 173 978 1759">
    <p class='ocr_par' dir='ltr' id='par_1_2' title="bbox 78 173 962 260">
     <span class='ocr_line' id='line_1_2' title="bbox 78 173 962 217; baseline -0.003 -10"><span class='ocrx_word' id='word_1_4' title='bbox 78 177 100 206; x_wconf 91' lang='lat'>1.</span> <span class='ocrx_word' id='word_1_5' title='bbox 117 187 142 207; x_wconf 91' lang='lat' dir='ltr'>c.</span> <span class='ocrx_word' id='word_1_6' title='bbox 162 176 262 217; x_wconf 86' lang='lat' dir='ltr'>colligi</span> <span class='ocrx_word' id='word_1_7' title='bbox 276 182 385 217; x_wconf 83' lang='lat' dir='ltr'>potest,</span> <span class='ocrx_word' id='word_1_8' title='bbox 401 175 460 206; x_wconf 83' lang='lat' dir='ltr'>fuit</span> <span class='ocrx_word' id='word_1_9' title='bbox 472 174 631 206; x_wconf 82' lang='lat' dir='ltr'>Numidiae</span> <span class='ocrx_word' id='word_1_10' title='bbox 645 174 823 213; x_wconf 84' lang='lat' dir='ltr'>finitimum,</span> <span class='ocrx_word' id='word_1_11' title='bbox 840 173 962 204; x_wconf 81' lang='lat' dir='ltr'>Mauri-</span> 
     </span>
     <span class='ocr_line' id='line_1_3' title="bbox 80 219 407 260; baseline -0.003 -11"><span class='ocrx_word' id='word_1_12' title='bbox 80 219 181 256; x_wconf 83' lang='lat' dir='ltr'>taniae‚</span> <span class='ocrx_word' id='word_1_13' title='bbox 197 220 313 260; x_wconf 78' lang='lat' dir='ltr'>opinor,</span> <span class='ocrx_word' id='word_1_14' title='bbox 329 229 407 260; x_wconf 83' lang='lat' dir='ltr'>pars.</span> 
     </span>
    </p>

    <p class='ocr_par' dir='ltr' id='par_1_3' title="bbox 79 259 963 384">
     <span class='ocr_line' id='line_1_4' title="bbox 124 259 963 300; baseline -0.002 -9"><span class='ocrx_word' id='word_1_15' title='bbox 124 264 162 292; x_wconf 93' lang='lat' dir='ltr'>P.</span> <span class='ocrx_word' id='word_1_16' title='bbox 179 263 346 299; x_wconf 72' lang='lat' dir='ltr'>Matinius,</span> <span class='ocrx_word' id='word_1_17' title='bbox 363 262 429 292; x_wconf 91' lang='lat' dir='ltr'>Att.</span> <span class='ocrx_word' id='word_1_18' title='bbox 444 261 486 298; x_wconf 82' lang='lat' dir='ltr'>V,</span> <span class='ocrx_word' id='word_1_19' title='bbox 504 264 555 291; x_wconf 97' lang='grc'>21.</span> <span class='ocrx_word' id='word_1_20' title='bbox 571 261 748 300; x_wconf 68' lang='lat' dir='ltr'>negotiator,</span> <span class='ocrx_word' id='word_1_21' title='bbox 765 259 817 300; x_wconf 90' lang='lat' dir='ltr'>qui</span> <span class='ocrx_word' id='word_1_22' title='bbox 834 259 963 290; x_wconf 86' lang='lat' dir='ltr'>Salami-</span> 
     </span>
     <span class='ocr_line' id='line_1_5' title="bbox 81 302 963 345; baseline -0.002 -11"><span class='ocrx_word' id='word_1_23' title='bbox 81 305 139 334; x_wconf 86' lang='lat' dir='ltr'>niis</span> <span class='ocrx_word' id='word_1_24' title='bbox 154 305 313 345; x_wconf 81' lang='lat' dir='ltr'>pecuniam</span> <span class='ocrx_word' id='word_1_25' title='bbox 340 304 475 341; x_wconf 81' lang='lat' dir='ltr'>credidit,</span> <span class='ocrx_word' id='word_1_26' title='bbox 499 310 528 333; x_wconf 88' lang='lat' dir='ltr'>et</span> <span class='ocrx_word' id='word_1_27' title='bbox 551 311 708 344; x_wconf 87' lang='lat' dir='ltr'>propterea</span> <span class='ocrx_word' id='word_1_28' title='bbox 732 302 963 334; x_wconf 81' lang='lat' dir='ltr'>controversiam</span> 
     </span>
     <span class='ocr_line' id='line_1_6' title="bbox 79 347 428 384; baseline -0.003 -7"><span class='ocrx_word' id='word_1_29' title='bbox 79 347 196 377; x_wconf 88' lang='lat' dir='ltr'>habuit.</span> <span class='ocrx_word' id='word_1_30' title='bbox 218 347 303 377; x_wconf 88' lang='lat' dir='ltr'><strong>Add.</strong></span> <span class='ocrx_word' id='word_1_31' title='bbox 320 348 381 384; x_wconf 72' lang='lat' dir='ltr'>VI,</span> <span class='ocrx_word' id='word_1_32' title='bbox 402 349 428 376; x_wconf 93' lang='lat' dir='ltr'>l.</span> 
     </span>
    </p>

    <p class='ocr_par' dir='ltr' id='par_1_4' title="bbox 81 388 967 725">
     <span class='ocr_line' id='line_1_7' title="bbox 127 388 964 428; baseline -0.004 -8"><span class='ocrx_word' id='word_1_33' title='bbox 127 392 159 421; x_wconf 83' lang='lat' dir='ltr'>C.</span> <span class='ocrx_word' id='word_1_34' title='bbox 176 392 314 428; x_wconf 73' lang='lat' dir='ltr'>IWatins,</span> <span class='ocrx_word' id='word_1_35' title='bbox 331 391 369 420; x_wconf 87' lang='lat' dir='ltr'>ad</span> <span class='ocrx_word' id='word_1_36' title='bbox 385 390 459 420; x_wconf 81' lang='lat' dir='ltr'><strong>Div.</strong></span> <span class='ocrx_word' id='word_1_37' title='bbox 477 389 557 425; x_wconf 78' lang='lat' dir='ltr'>VII,</span> <span class='ocrx_word' id='word_1_38' title='bbox 584 391 634 420; x_wconf 88' lang='lat'>15.</span> <span class='ocrx_word' id='word_1_39' title='bbox 659 389 751 418; x_wconf 84' lang='lat' dir='ltr'>homo</span> <span class='ocrx_word' id='word_1_40' title='bbox 775 388 964 418; x_wconf 78' lang='lat' dir='ltr'>doctissimus</span> 
     </span>
     <span class='ocr_line' id='line_1_8' title="bbox 82 431 965 471; baseline -0.002 -9"><span class='ocrx_word' id='word_1_41' title='bbox 82 438 111 462; x_wconf 85' lang='lat' dir='ltr'>et</span> <span class='ocrx_word' id='word_1_42' title='bbox 126 433 330 464; x_wconf 84' lang='lat' dir='ltr'>suavissimus.</span> <span class='ocrx_word' id='word_1_43' title='bbox 352 433 414 471; x_wconf 80' lang='lat' dir='ltr'>VI,</span> <span class='ocrx_word' id='word_1_44' title='bbox 431 436 478 463; x_wconf 86' lang='grc'>12.</span> <span class='ocrx_word' id='word_1_45' title='bbox 510 433 711 465; x_wconf 77' lang='lat' dir='ltr'>Caesarianus.</span> <span class='ocrx_word' id='word_1_46' title='bbox 729 431 902 461; x_wconf 84' lang='lat' dir='ltr'>Ciceronem</span> <span class='ocrx_word' id='word_1_47' title='bbox 919 431 965 460; x_wconf 91' lang='lat' dir='ltr'>di-</span> 
     </span>
     <span class='ocr_line' id='line_1_9' title="bbox 81 473 963 516; baseline -0.003 -11"><span class='ocrx_word' id='word_1_48' title='bbox 81 475 158 516; x_wconf 82' lang='lat' dir='ltr'>ligit.</span> <span class='ocrx_word' id='word_1_49' title='bbox 182 476 250 506; x_wconf 88' lang='lat' dir='ltr'>Att.</span> <span class='ocrx_word' id='word_1_50' title='bbox 268 475 330 513; x_wconf 79' lang='lat' dir='ltr'>IX,</span> <span class='ocrx_word' id='word_1_51' title='bbox 357 480 404 506; x_wconf 94' lang='grc'>11.</span> <span class='ocrx_word' id='word_1_52' title='bbox 420 476 563 506; x_wconf 86' lang='lat' dir='ltr'>laudatur</span> <span class='ocrx_word' id='word_1_53' title='bbox 578 481 681 505; x_wconf 83' lang='lat' dir='ltr'>auctor</span> <span class='ocrx_word' id='word_1_54' title='bbox 695 474 785 515; x_wconf 82' lang='lat' dir='ltr'>pacis.</span> <span class='ocrx_word' id='word_1_55' title='bbox 810 474 883 503; x_wconf 84' lang='lat' dir='ltr'><strong>Div.</strong></span> <span class='ocrx_word' id='word_1_56' title='bbox 901 473 963 509; x_wconf 80' lang='lat' dir='ltr'>XI,</span> 
     </span>
     <span class='ocr_line' id='line_1_10' title="bbox 83 516 964 559; baseline -0.003 -11"><span class='ocrx_word' id='word_1_57' title='bbox 83 521 135 549; x_wconf 82' lang='lat'>27.</span> <span class='ocrx_word' id='word_1_58' title='bbox 151 519 188 549; x_wconf 86' lang='lat' dir='ltr'>de</span> <span class='ocrx_word' id='word_1_59' title='bbox 204 529 238 549; x_wconf 90' lang='lat' dir='ltr'>eo</span> <span class='ocrx_word' id='word_1_60' title='bbox 253 519 389 559; x_wconf 84' lang='lat' dir='ltr'>cognosci</span> <span class='ocrx_word' id='word_1_61' title='bbox 404 525 502 559; x_wconf 80' lang='lat' dir='ltr'>potest</span> <span class='ocrx_word' id='word_1_62' title='bbox 523 529 560 548; x_wconf 83' lang='lat' dir='ltr'>ex</span> <span class='ocrx_word' id='word_1_63' title='bbox 583 529 629 558; x_wconf 90' lang='lat' dir='ltr'>ep.</span> <span class='ocrx_word' id='word_1_64' title='bbox 647 520 698 548; x_wconf 83' lang='lat'>27.</span> <span class='ocrx_word' id='word_1_65' title='bbox 720 524 749 547; x_wconf 88' lang='lat' dir='ltr'>et</span> <span class='ocrx_word' id='word_1_66' title='bbox 765 518 815 546; x_wconf 84' lang='grc'>28.</span> <span class='ocrx_word' id='word_1_67' title='bbox 834 517 886 546; x_wconf 85' lang='lat' dir='ltr'><strong>lib.</strong></span> <span class='ocrx_word' id='word_1_68' title='bbox 902 516 964 545; x_wconf 81' lang='lat' dir='ltr'>XI.</span> 
     </span>
     <span class='ocr_line' id='line_1_11' title="bbox 83 559 965 602; baseline -0.002 -12"><span class='ocrx_word' id='word_1_69' title='bbox 83 560 121 590; x_wconf 92' lang='lat' dir='ltr'>In</span> <span class='ocrx_word' id='word_1_70' title='bbox 137 562 283 602; x_wconf 87' lang='lat' dir='ltr'>Epistolis</span> <span class='ocrx_word' id='word_1_71' title='bbox 298 562 336 591; x_wconf 89' lang='lat' dir='ltr'>ad</span> <span class='ocrx_word' id='word_1_72' title='bbox 351 562 491 592; x_wconf 88' lang='lat' dir='ltr'>Atticum</span> <span class='ocrx_word' id='word_1_73' title='bbox 512 571 590 601; x_wconf 85' lang='lat' dir='ltr'>saepe</span> <span class='ocrx_word' id='word_1_74' title='bbox 606 561 740 590; x_wconf 81' lang='lat' dir='ltr'>Calvena</span> <span class='ocrx_word' id='word_1_75' title='bbox 754 559 872 589; x_wconf 85' lang='lat' dir='ltr'>dicitur.</span> <span class='ocrx_word' id='word_1_76' title='bbox 890 559 965 593; x_wconf 69' lang='lat' dir='ltr'><strong>(vid.</strong></span> 
     </span>
     <span class='ocr_line' id='line_1_12' title="bbox 81 602 966 642; baseline -0.002 -9"><span class='ocrx_word' id='word_1_77' title='bbox 81 603 114 633; x_wconf 92' lang='lat' dir='ltr'>in</span> <span class='ocrx_word' id='word_1_78' title='bbox 128 606 286 639; x_wconf 66' lang='lat' dir='ltr'>(olvena.)</span> <span class='ocrx_word' id='word_1_79' title='bbox 303 605 397 635; x_wconf 89' lang='lat' dir='ltr'>Hunc</span> <span class='ocrx_word' id='word_1_80' title='bbox 412 605 502 634; x_wconf 83' lang='lat' dir='ltr'>etiam</span> <span class='ocrx_word' id='word_1_81' title='bbox 514 603 654 634; x_wconf 77' lang='lat' dir='ltr'>nonnulli</span> <span class='ocrx_word' id='word_1_82' title='bbox 669 602 829 642; x_wconf 87' lang='lat' dir='ltr'>significari</span> <span class='ocrx_word' id='word_1_83' title='bbox 844 607 966 642; x_wconf 75' lang='lat' dir='ltr'>putant,</span> 
     </span>
     <span class='ocr_line' id='line_1_13' title="bbox 82 644 967 685; baseline -0.002 -9"><span class='ocrx_word' id='word_1_84' title='bbox 82 646 122 676; x_wconf 88' lang='lat' dir='ltr'>ad</span> <span class='ocrx_word' id='word_1_85' title='bbox 143 647 184 684; x_wconf 89' lang='lat' dir='ltr'>Q.</span> <span class='ocrx_word' id='word_1_86' title='bbox 201 647 252 677; x_wconf 87' lang='lat' dir='ltr'>Fr.</span> <span class='ocrx_word' id='word_1_87' title='bbox 269 646 334 682; x_wconf 75' lang='grc' dir='ltr'>ΙΙΙ,</span> <span class='ocrx_word' id='word_1_88' title='bbox 351 648 380 676; x_wconf 87' lang='grc'>4.</span> <span class='ocrx_word' id='word_1_89' title='bbox 397 648 427 677; x_wconf 81' lang='grc'>8.</span> <span class='ocrx_word' id='word_1_90' title='bbox 451 646 502 677; x_wconf 90' lang='lat' dir='ltr'>De</span> <span class='ocrx_word' id='word_1_91' title='bbox 522 656 556 677; x_wconf 91' lang='lat' dir='ltr'>eo</span> <span class='ocrx_word' id='word_1_92' title='bbox 580 646 639 676; x_wconf 86' lang='lat' dir='ltr'><strong>vid.</strong></span> <span class='ocrx_word' id='word_1_93' title='bbox 664 646 754 676; x_wconf 86' lang='lat' dir='ltr'>etiam</span> <span class='ocrx_word' id='word_1_94' title='bbox 771 645 913 685; x_wconf 85' lang='lat' dir='ltr'>Lipsium</span> <span class='ocrx_word' id='word_1_95' title='bbox 928 644 967 674; x_wconf 88' lang='lat' dir='ltr'>ad</span> 
     </span>
     <span class='ocr_line' id='line_1_14' title="bbox 85 689 413 725; baseline 0 -6"><span class='ocrx_word' id='word_1_96' title='bbox 85 689 185 720; x_wconf 87' lang='lat' dir='ltr'>Tacit.</span> <span class='ocrx_word' id='word_1_97' title='bbox 210 690 247 719; x_wconf 88' lang='lat' dir='ltr'>A.</span> <span class='ocrx_word' id='word_1_98' title='bbox 263 690 345 725; x_wconf 68' lang='lat' dir='ltr'>XII,</span> <span class='ocrx_word' id='word_1_99' title='bbox 362 690 413 720; x_wconf 82' lang='lat'>60.</span> 
     </span>
    </p>

    <p class='ocr_par' dir='ltr' id='par_1_5' title="bbox 83 729 969 859">
     <span class='ocr_line' id='line_1_15' title="bbox 127 729 967 771; baseline -0.002 -9"><span class='ocrx_word' id='word_1_100' title='bbox 127 734 235 770; x_wconf 69' lang='lat' dir='ltr'>IWato,</span> <span class='ocrx_word' id='word_1_101' title='bbox 251 732 307 763; x_wconf 90' lang='lat' dir='ltr'>Or.</span> <span class='ocrx_word' id='word_1_102' title='bbox 324 733 374 762; x_wconf 78' lang='lat'>48.</span> <span class='ocrx_word' id='word_1_103' title='bbox 390 733 428 762; x_wconf 88' lang='lat' dir='ltr'>ad</span> <span class='ocrx_word' id='word_1_104' title='bbox 445 732 518 763; x_wconf 90' lang='lat' dir='ltr'><strong>Div.</strong></span> <span class='ocrx_word' id='word_1_105' title='bbox 536 730 599 768; x_wconf 79' lang='lat' dir='ltr'>IX,</span> <span class='ocrx_word' id='word_1_106' title='bbox 611 732 662 761; x_wconf 84' lang='lat'>25.</span> <span class='ocrx_word' id='word_1_107' title='bbox 680 730 859 771; x_wconf 87' lang='lat' dir='ltr'>Pomponiae</span> <span class='ocrx_word' id='word_1_108' title='bbox 869 729 967 771; x_wconf 86' lang='lat' dir='ltr'>gentis</span> 
     </span>
     <span class='ocr_line' id='line_1_16' title="bbox 83 773 969 815; baseline -0.002 -10"><span class='ocrx_word' id='word_1_109' title='bbox 83 785 259 815; x_wconf 88' lang='lat' dir='ltr'><strong>cognomen.</strong></span> <span class='ocrx_word' id='word_1_110' title='bbox 293 775 352 805; x_wconf 81' lang='lat' dir='ltr'>Sed</span> <span class='ocrx_word' id='word_1_111' title='bbox 375 776 465 805; x_wconf 86' lang='lat' dir='ltr'>etiam</span> <span class='ocrx_word' id='word_1_112' title='bbox 480 775 511 804; x_wconf 91' lang='lat' dir='ltr'>in</span> <span class='ocrx_word' id='word_1_113' title='bbox 528 774 643 805; x_wconf 85' lang='lat' dir='ltr'>Naeviis</span> <span class='ocrx_word' id='word_1_114' title='bbox 659 780 730 804; x_wconf 88' lang='lat' dir='ltr'>sunt</span> <span class='ocrx_word' id='word_1_115' title='bbox 745 773 907 810; x_wconf 85' lang='lat' dir='ltr'>Matones;</span> <span class='ocrx_word' id='word_1_116' title='bbox 932 779 969 803; x_wconf 93' lang='lat' dir='ltr'>ut</span> 
     </span>
     <span class='ocr_line' id='line_1_17' title="bbox 84 817 538 859; baseline -0.002 -11"><span class='ocrx_word' id='word_1_117' title='bbox 84 829 133 859; x_wconf 87' lang='lat' dir='ltr'>ap.</span> <span class='ocrx_word' id='word_1_118' title='bbox 154 818 221 848; x_wconf 90' lang='lat' dir='ltr'><strong>Liv.</strong></span> <span class='ocrx_word' id='word_1_119' title='bbox 238 817 401 854; x_wconf 67' lang='lat' dir='ltr'>XXXIX,</span> <span class='ocrx_word' id='word_1_120' title='bbox 419 819 469 848; x_wconf 85' lang='lat'>33.</span> <span class='ocrx_word' id='word_1_121' title='bbox 487 818 538 847; x_wconf 83' lang='lat'>38.</span> 
     </span>
    </p>

    <p class='ocr_par' dir='ltr' id='par_1_6' title="bbox 87 858 967 934">
     <span class='ocr_line' id='line_1_18' title="bbox 127 858 967 899; baseline -0.002 -8"><span class='ocrx_word' id='word_1_122' title='bbox 127 862 314 899; x_wconf 75' lang='lat' dir='ltr'>Matrinius,</span> <span class='ocrx_word' id='word_1_123' title='bbox 337 860 375 891; x_wconf 85' lang='lat' dir='ltr'>ad</span> <span class='ocrx_word' id='word_1_124' title='bbox 397 860 469 891; x_wconf 91' lang='lat' dir='ltr'><strong>Div.</strong></span> <span class='ocrx_word' id='word_1_125' title='bbox 489 860 535 899; x_wconf 86' lang='grc' dir='ltr'>ΙΙ,</span> <span class='ocrx_word' id='word_1_126' title='bbox 556 861 604 891; x_wconf 87' lang='grc'>15.</span> <span class='ocrx_word' id='word_1_127' title='bbox 631 860 728 890; x_wconf 86' lang='lat' dir='ltr'>scriba</span> <span class='ocrx_word' id='word_1_128' title='bbox 751 859 894 890; x_wconf 86' lang='lat' dir='ltr'>aedilicius</span> <span class='ocrx_word' id='word_1_129' title='bbox 917 858 967 889; x_wconf 87' lang='lat' dir='ltr'>M.</span> 
     </span>
     <span class='ocr_line' id='line_1_19' title="bbox 87 903 184 934; baseline 0 0"><span class='ocrx_word' id='word_1_130' title='bbox 87 903 184 934; x_wconf 84' lang='lat' dir='ltr'>Coelii.</span> 
     </span>
    </p>

    <p class='ocr_par' dir='ltr' id='par_1_7' title="bbox 83 945 969 1020">
     <span class='ocr_line' id='line_1_20' title="bbox 132 945 969 987; baseline -0.001 -11"><span class='ocrx_word' id='word_1_131' title='bbox 132 949 164 977; x_wconf 87' lang='lat' dir='ltr'>C.</span> <span class='ocrx_word' id='word_1_132' title='bbox 181 948 373 986; x_wconf 79' lang='lat' dir='ltr'>Matrinius,</span> <span class='ocrx_word' id='word_1_133' title='bbox 390 946 478 977; x_wconf 82' lang='lat' dir='ltr'>Verr.</span> <span class='ocrx_word' id='word_1_134' title='bbox 496 945 558 985; x_wconf 83' lang='lat' dir='ltr'>IV,</span> <span class='ocrx_word' id='word_1_135' title='bbox 580 949 632 977; x_wconf 83' lang='lat'>24.</span> <span class='ocrx_word' id='word_1_136' title='bbox 654 956 745 987; x_wconf 87' lang='lat' dir='ltr'>eques</span> <span class='ocrx_word' id='word_1_137' title='bbox 760 945 852 975; x_wconf 87' lang='lat' dir='ltr'><strong>Rom.</strong></span> <span class='ocrx_word' id='word_1_138' title='bbox 873 945 905 975; x_wconf 88' lang='lat' dir='ltr'>in</span> <span class='ocrx_word' id='word_1_139' title='bbox 920 945 969 977; x_wconf 85' lang='lat' dir='ltr'>Si-</span> 
     </span>
     <span class='ocr_line' id='line_1_21' title="bbox 83 989 164 1020; baseline -0.012 0"><span class='ocrx_word' id='word_1_140' title='bbox 83 989 164 1020; x_wconf 65' lang='lat' dir='ltr'>cilia.</span> 
     </span>
    </p>

    <p class='ocr_par' dir='ltr' id='par_1_8' title="bbox 85 1030 970 1116">
     <span class='ocr_line' id='line_1_22' title="bbox 129 1030 970 1069; baseline -0.002 -7"><span class='ocrx_word' id='word_1_141' title='bbox 129 1034 174 1062; x_wconf 88' lang='lat' dir='ltr'>D.</span> <span class='ocrx_word' id='word_1_142' title='bbox 190 1034 383 1069; x_wconf 59' lang='lat' dir='ltr'>Mummius,</span> <span class='ocrx_word' id='word_1_143' title='bbox 401 1032 526 1064; x_wconf 82' lang='lat' dir='ltr'>Cluent.</span> <span class='ocrx_word' id='word_1_144' title='bbox 540 1034 591 1062; x_wconf 83' lang='lat'>45.</span> <span class='ocrx_word' id='word_1_145' title='bbox 608 1032 705 1062; x_wconf 87' lang='lat' dir='ltr'>scriba</span> <span class='ocrx_word' id='word_1_146' title='bbox 719 1030 875 1067; x_wconf 65' lang='lat' dir='ltr'>aedilicius,</span> <span class='ocrx_word' id='word_1_147' title='bbox 892 1031 970 1061; x_wconf 87' lang='lat' dir='ltr'>alius</span> 
     </span>
     <span class='ocr_line' id='line_1_23' title="bbox 85 1074 954 1116; baseline -0.003 -10"><span class='ocrx_word' id='word_1_148' title='bbox 85 1086 105 1106; x_wconf 87' lang='lat' dir='ltr'>a</span> <span class='ocrx_word' id='word_1_149' title='bbox 119 1076 271 1116; x_wconf 89' lang='lat' dir='ltr'>superiore</span> <span class='ocrx_word' id='word_1_150' title='bbox 282 1076 331 1106; x_wconf 84' lang='lat' dir='ltr'>M.</span> <span class='ocrx_word' id='word_1_151' title='bbox 348 1076 447 1113; x_wconf 74' lang='lat' dir='ltr'>coelii,</span> <span class='ocrx_word' id='word_1_152' title='bbox 463 1082 498 1106; x_wconf 89' lang='lat' dir='ltr'>ut</span> <span class='ocrx_word' id='word_1_153' title='bbox 510 1075 585 1105; x_wconf 88' lang='lat' dir='ltr'>ratio</span> <span class='ocrx_word' id='word_1_154' title='bbox 600 1075 742 1114; x_wconf 81' lang='lat' dir='ltr'>temporis</span> <span class='ocrx_word' id='word_1_155' title='bbox 757 1074 844 1104; x_wconf 86' lang='lat' dir='ltr'>facile</span> <span class='ocrx_word' id='word_1_156' title='bbox 859 1074 954 1104; x_wconf 87' lang='lat' dir='ltr'>docet.</span> 
     </span>
    </p>

    <p class='ocr_par' dir='ltr' id='par_1_9' title="bbox 87 1117 972 1193">
     <span class='ocr_line' id='line_1_24' title="bbox 132 1117 972 1160; baseline -0.001 -12"><span class='ocrx_word' id='word_1_157' title='bbox 132 1120 173 1149; x_wconf 92' lang='lat' dir='ltr'>L.</span> <span class='ocrx_word' id='word_1_158' title='bbox 190 1119 377 1157; x_wconf 80' lang='lat' dir='ltr'>Matrinius,</span> <span class='ocrx_word' id='word_1_159' title='bbox 397 1118 580 1160; x_wconf 83' lang='lat' dir='ltr'>Spoletinus.</span> <span class='ocrx_word' id='word_1_160' title='bbox 603 1118 694 1148; x_wconf 87' lang='lat' dir='ltr'><strong>Balb.</strong></span> <span class='ocrx_word' id='word_1_161' title='bbox 716 1118 767 1147; x_wconf 79' lang='lat'>21.</span> <span class='ocrx_word' id='word_1_162' title='bbox 782 1127 799 1146; x_wconf 88' lang='lat' dir='ltr'>a</span> <span class='ocrx_word' id='word_1_163' title='bbox 815 1117 852 1147; x_wconf 81' lang='lat' dir='ltr'>C.</span> <span class='ocrx_word' id='word_1_164' title='bbox 869 1117 972 1147; x_wconf 86' lang='lat' dir='ltr'>Mario</span> 
     </span>
     <span class='ocr_line' id='line_1_25' title="bbox 87 1161 356 1193; baseline -0.007 0"><span class='ocrx_word' id='word_1_165' title='bbox 87 1161 207 1193; x_wconf 83' lang='lat' dir='ltr'>civitate</span> <span class='ocrx_word' id='word_1_166' title='bbox 218 1161 356 1192; x_wconf 87' lang='lat' dir='ltr'>donatus.</span> 
     </span>
    </p>

    <p class='ocr_par' dir='ltr' id='par_1_10' title="bbox 133 1201 898 1242">
     <span class='ocr_line' id='line_1_26' title="bbox 133 1201 898 1242; baseline -0.003 -8"><span class='ocrx_word' id='word_1_167' title='bbox 133 1204 270 1242; x_wconf 78' lang='lat' dir='ltr'>Matuta,</span> <span class='ocrx_word' id='word_1_168' title='bbox 287 1204 316 1234; x_wconf 87' lang='lat' dir='ltr'>T</span> <span class='ocrx_word' id='word_1_169' title='bbox 318 1214 380 1235; x_wconf 89' lang='lat' dir='ltr'>use.</span> <span class='ocrx_word' id='word_1_170' title='bbox 398 1203 426 1241; x_wconf 79' lang='lat' dir='ltr'>I,</span> <span class='ocrx_word' id='word_1_171' title='bbox 446 1207 494 1234; x_wconf 89' lang='grc'>12.</span> <span class='ocrx_word' id='word_1_172' title='bbox 520 1203 697 1234; x_wconf 85' lang='lat' dir='ltr'>Graecorum</span> <span class='ocrx_word' id='word_1_173' title='bbox 714 1201 898 1233; x_wconf 87' lang='lat' dir='ltr'>Leucothea.</span> 
     </span>
    </p>

    <p class='ocr_par' dir='ltr' id='par_1_11' title="bbox 91 1245 974 1330">
     <span class='ocr_line' id='line_1_27' title="bbox 133 1245 974 1287; baseline -0.007 -9"><span class='ocrx_word' id='word_1_174' title='bbox 133 1249 309 1284; x_wconf 79' lang='lat' dir='ltr'>Mausolus,</span> <span class='ocrx_word' id='word_1_175' title='bbox 326 1247 419 1277; x_wconf 89' lang='lat' dir='ltr'>Tusc.</span> <span class='ocrx_word' id='word_1_176' title='bbox 436 1246 501 1283; x_wconf 75' lang='lat'>111,</span> <span class='ocrx_word' id='word_1_177' title='bbox 525 1248 577 1277; x_wconf 85' lang='lat'>31.</span> <span class='ocrx_word' id='word_1_178' title='bbox 593 1257 646 1277; x_wconf 85' lang='lat' dir='ltr'>rex</span> <span class='ocrx_word' id='word_1_179' title='bbox 662 1245 770 1276; x_wconf 83' lang='lat' dir='ltr'>Cariae.</span> <span class='ocrx_word' id='word_1_180' title='bbox 793 1245 834 1275; x_wconf 86' lang='lat' dir='ltr'>Ei</span> <span class='ocrx_word' id='word_1_181' title='bbox 855 1246 974 1287; x_wconf 86' lang='lat' dir='ltr'>magni.</span> 
     </span>
     <span class='ocr_line' id='line_1_28' title="bbox 91 1290 617 1330; baseline -0.004 -9"><span class='ocrx_word' id='word_1_182' title='bbox 91 1291 184 1321; x_wconf 87' lang='lat' dir='ltr'>ficum</span> <span class='ocrx_word' id='word_1_183' title='bbox 200 1290 371 1330; x_wconf 89' lang='lat' dir='ltr'>sepulcrum</span> <span class='ocrx_word' id='word_1_184' title='bbox 386 1300 464 1320; x_wconf 85' lang='lat' dir='ltr'>uxor</span> <span class='ocrx_word' id='word_1_185' title='bbox 480 1290 617 1320; x_wconf 85' lang='lat' dir='ltr'>aedificat.</span> 
     </span>
    </p>

    <p class='ocr_par' dir='ltr' id='par_1_12' title="bbox 92 1331 975 1407">
     <span class='ocr_line' id='line_1_29' title="bbox 134 1331 975 1372; baseline 0 -9"><span class='ocrx_word' id='word_1_186' title='bbox 134 1334 310 1371; x_wconf 67' lang='lat' dir='ltr'>Maximus,</span> <span class='ocrx_word' id='word_1_187' title='bbox 335 1333 401 1363; x_wconf 83' lang='lat' dir='ltr'>Att.</span> <span class='ocrx_word' id='word_1_188' title='bbox 429 1333 532 1371; x_wconf 80' lang='lat' dir='ltr'>XIII,</span> <span class='ocrx_word' id='word_1_189' title='bbox 555 1333 608 1362; x_wconf 79' lang='lat'>34.</span> <span class='ocrx_word' id='word_1_190' title='bbox 635 1340 801 1372; x_wconf 90' lang='lat' dir='ltr'>cognomen</span> <span class='ocrx_word' id='word_1_191' title='bbox 827 1331 975 1372; x_wconf 77' lang='lat' dir='ltr'>Egnatio-</span> 
     </span>
     <span class='ocr_line' id='line_1_30' title="bbox 92 1387 171 1407; baseline -0.013 0"><span class='ocrx_word' id='word_1_192' title='bbox 92 1387 171 1407; x_wconf 86' lang='lat' dir='ltr'>rum.</span> 
     </span>
    </p>

    <p class='ocr_par' dir='ltr' id='par_1_13' title="bbox 91 1415 978 1759">
     <span class='ocr_line' id='line_1_31' title="bbox 134 1415 975 1454; baseline -0.001 -5"><span class='ocrx_word' id='word_1_193' title='bbox 134 1420 176 1449; x_wconf 92' lang='lat' dir='ltr'><strong>P.</strong></span> <span class='ocrx_word' id='word_1_194' title='bbox 193 1419 308 1450; x_wconf 78' lang='lat' dir='ltr'>Fabius</span> <span class='ocrx_word' id='word_1_195' title='bbox 319 1420 495 1453; x_wconf 67' lang='lat' dir='ltr'>Maoez&#39;mus.</span> <span class='ocrx_word' id='word_1_196' title='bbox 507 1418 705 1454; x_wconf 73' lang='lat' dir='ltr'>Verrucosus,</span> <span class='ocrx_word' id='word_1_197' title='bbox 717 1415 858 1454; x_wconf 84' lang='lat' dir='ltr'>Ovicula‚</span> <span class='ocrx_word' id='word_1_198' title='bbox 873 1417 975 1448; x_wconf 87' lang='lat' dir='ltr'>Cunc-</span> 
     </span>
     <span class='ocr_line' id='line_1_32' title="bbox 91 1460 977 1500; baseline -0.001 -8"><span class='ocrx_word' id='word_1_199' title='bbox 91 1467 179 1492; x_wconf 85' lang='lat' dir='ltr'>tator.</span> <span class='ocrx_word' id='word_1_200' title='bbox 203 1463 293 1492; x_wconf 85' lang='lat' dir='ltr'>Brut.</span> <span class='ocrx_word' id='word_1_201' title='bbox 323 1463 372 1492; x_wconf 88' lang='grc'>19.</span> <span class='ocrx_word' id='word_1_202' title='bbox 397 1461 452 1492; x_wconf 88' lang='lat' dir='ltr'><strong>Or.</strong></span> <span class='ocrx_word' id='word_1_203' title='bbox 470 1460 516 1498; x_wconf 70' lang='grc' dir='ltr'>ΙΙ,</span> <span class='ocrx_word' id='word_1_204' title='bbox 545 1462 595 1496; x_wconf 85' lang='grc'>67.</span> <span class='ocrx_word' id='word_1_205' title='bbox 627 1461 716 1491; x_wconf 82' lang='lat' dir='ltr'>Brut.</span> <span class='ocrx_word' id='word_1_206' title='bbox 742 1460 788 1489; x_wconf 78' lang='lat'>18.</span> <span class='ocrx_word' id='word_1_207' title='bbox 816 1460 977 1500; x_wconf 89' lang='lat' dir='ltr'>quinquies</span> 
     </span>
     <span class='ocr_line' id='line_1_33' title="bbox 95 1502 975 1542; baseline -0.002 -7"><span class='ocrx_word' id='word_1_208' title='bbox 95 1505 200 1535; x_wconf 88' lang='lat' dir='ltr'>consul</span> <span class='ocrx_word' id='word_1_209' title='bbox 223 1505 303 1534; x_wconf 91' lang='lat' dir='ltr'>bello</span> <span class='ocrx_word' id='word_1_210' title='bbox 328 1505 408 1534; x_wconf 92' lang='lat' dir='ltr'><strong>Pun.</strong></span> <span class='ocrx_word' id='word_1_211' title='bbox 426 1503 470 1533; x_wconf 91' lang='grc' dir='ltr'>ΙΙ.</span> <span class='ocrx_word' id='word_1_212' title='bbox 495 1504 665 1533; x_wconf 85' lang='lat' dir='ltr'>Tarentum</span> <span class='ocrx_word' id='word_1_213' title='bbox 680 1502 794 1542; x_wconf 85' lang='lat' dir='ltr'>recipit.</span> <span class='ocrx_word' id='word_1_214' title='bbox 817 1503 906 1533; x_wconf 85' lang='lat' dir='ltr'>Brut.</span> <span class='ocrx_word' id='word_1_215' title='bbox 926 1505 975 1533; x_wconf 74' lang='lat'>14.</span> 
     </span>
     <span class='ocr_line' id='line_1_34' title="bbox 93 1545 977 1585; baseline -0.001 -8"><span class='ocrx_word' id='word_1_216' title='bbox 93 1555 192 1578; x_wconf 85' lang='lat' dir='ltr'>orator</span> <span class='ocrx_word' id='word_1_217' title='bbox 202 1547 325 1577; x_wconf 83' lang='lat' dir='ltr'>habitus</span> <span class='ocrx_word' id='word_1_218' title='bbox 341 1553 395 1577; x_wconf 88' lang='lat' dir='ltr'>est.</span> <span class='ocrx_word' id='word_1_219' title='bbox 419 1547 506 1577; x_wconf 86' lang='lat' dir='ltr'>Verr.</span> <span class='ocrx_word' id='word_1_220' title='bbox 524 1546 585 1583; x_wconf 83' lang='lat' dir='ltr'>VI,</span> <span class='ocrx_word' id='word_1_221' title='bbox 605 1547 652 1576; x_wconf 87' lang='lat'>10.</span> <span class='ocrx_word' id='word_1_222' title='bbox 669 1546 733 1584; x_wconf 88' lang='lat' dir='ltr'>ejus</span> <span class='ocrx_word' id='word_1_223' title='bbox 748 1545 894 1585; x_wconf 84' lang='lat' dir='ltr'>sapientia</span> <span class='ocrx_word' id='word_1_224' title='bbox 908 1545 977 1576; x_wconf 84' lang='lat' dir='ltr'>lau-</span> 
     </span>
     <span class='ocr_line' id='line_1_35' title="bbox 94 1587 976 1627; baseline -0.001 -7"><span class='ocrx_word' id='word_1_225' title='bbox 94 1590 193 1620; x_wconf 89' lang='lat' dir='ltr'>datur.</span> <span class='ocrx_word' id='word_1_226' title='bbox 218 1589 306 1620; x_wconf 86' lang='lat' dir='ltr'><strong>Offic.</strong></span> <span class='ocrx_word' id='word_1_227' title='bbox 322 1589 350 1627; x_wconf 80' lang='lat'>1,</span> <span class='ocrx_word' id='word_1_228' title='bbox 365 1593 416 1618; x_wconf 68' lang='lat'><strong>⁶24.</strong></span> <span class='ocrx_word' id='word_1_229' title='bbox 433 1590 567 1620; x_wconf 85' lang='lat' dir='ltr'>versibus</span> <span class='ocrx_word' id='word_1_230' title='bbox 578 1588 673 1619; x_wconf 90' lang='lat' dir='ltr'>Ennii</span> <span class='ocrx_word' id='word_1_231' title='bbox 688 1587 838 1618; x_wconf 86' lang='lat' dir='ltr'>laudatur.</span> <span class='ocrx_word' id='word_1_232' title='bbox 854 1588 892 1618; x_wconf 86' lang='lat' dir='ltr'>ad</span> <span class='ocrx_word' id='word_1_233' title='bbox 902 1587 976 1621; x_wconf 86' lang='lat' dir='ltr'><strong>Div.</strong></span> 
     </span>
     <span class='ocr_line' id='line_1_36' title="bbox 94 1630 977 1671; baseline -0.002 -8"><span class='ocrx_word' id='word_1_234' title='bbox 94 1632 156 1669; x_wconf 71' lang='lat' dir='ltr'><strong>IV.</strong></span> <span class='ocrx_word' id='word_1_235' title='bbox 173 1636 202 1663; x_wconf 87' lang='grc'>6.</span> <span class='ocrx_word' id='word_1_236' title='bbox 215 1633 314 1663; x_wconf 92' lang='lat' dir='ltr'>filium</span> <span class='ocrx_word' id='word_1_237' title='bbox 329 1633 517 1663; x_wconf 85' lang='lat' dir='ltr'>consularem</span> <span class='ocrx_word' id='word_1_238' title='bbox 534 1632 589 1670; x_wconf 91' lang='lat' dir='ltr'>(Q.</span> <span class='ocrx_word' id='word_1_239' title='bbox 608 1632 634 1662; x_wconf 93' lang='lat' dir='ltr'><strong>F</strong></span> <span class='ocrx_word' id='word_1_240' title='bbox 637 1653 644 1660; x_wconf 92' lang='lat'>.</span> <span class='ocrx_word' id='word_1_241' title='bbox 661 1630 750 1661; x_wconf 86' lang='lat' dir='ltr'><strong>Max.</strong></span> <span class='ocrx_word' id='word_1_242' title='bbox 771 1630 824 1671; x_wconf 93' lang='lat' dir='ltr'>qui</span> <span class='ocrx_word' id='word_1_243' title='bbox 839 1641 908 1661; x_wconf 90' lang='lat' dir='ltr'>cum</span> <span class='ocrx_word' id='word_1_244' title='bbox 925 1632 977 1665; x_wconf 81' lang='lat' dir='ltr'>Ti.</span> 
     </span>
     <span class='ocr_line' id='line_1_37' title="bbox 95 1673 978 1716; baseline 0 -10"><span class='ocrx_word' id='word_1_245' title='bbox 95 1676 233 1706; x_wconf 88' lang='lat' dir='ltr'>Graccho</span> <span class='ocrx_word' id='word_1_246' title='bbox 248 1676 353 1706; x_wconf 91' lang='lat' dir='ltr'>consul</span> <span class='ocrx_word' id='word_1_247' title='bbox 372 1675 443 1713; x_wconf 78' lang='lat' dir='ltr'>fuit)</span> <span class='ocrx_word' id='word_1_248' title='bbox 463 1675 603 1716; x_wconf 85' lang='lat' dir='ltr'>perdidit.</span> <span class='ocrx_word' id='word_1_249' title='bbox 635 1673 720 1704; x_wconf 85' lang='lat' dir='ltr'><strong>Add.</strong></span> <span class='ocrx_word' id='word_1_250' title='bbox 746 1673 854 1703; x_wconf 87' lang='lat' dir='ltr'>Caton.</span> <span class='ocrx_word' id='word_1_251' title='bbox 873 1675 903 1704; x_wconf 88' lang='lat'>4.</span> <span class='ocrx_word' id='word_1_252' title='bbox 924 1677 978 1707; x_wconf 87' lang='lat' dir='ltr'>ubi</span> 
     </span>
     <span class='ocr_line' id='line_1_38' title="bbox 94 1715 977 1759; baseline -0.002 -12"><span class='ocrx_word' id='word_1_253' title='bbox 94 1718 157 1748; x_wconf 81' lang='lat' dir='ltr'>filio</span> <span class='ocrx_word' id='word_1_254' title='bbox 182 1728 358 1759; x_wconf 87' lang='lat' dir='ltr'>praenomen</span> <span class='ocrx_word' id='word_1_255' title='bbox 378 1719 426 1748; x_wconf 88' lang='lat' dir='ltr'>M.</span> <span class='ocrx_word' id='word_1_256' title='bbox 451 1718 604 1748; x_wconf 87' lang='lat' dir='ltr'>tribuitur.</span> <span class='ocrx_word' id='word_1_257' title='bbox 636 1716 708 1754; x_wconf 80' lang='lat' dir='ltr'>Sed,</span> <span class='ocrx_word' id='word_1_258' title='bbox 725 1726 741 1746; x_wconf 87' lang='lat' dir='ltr'>e</span> <span class='ocrx_word' id='word_1_259' title='bbox 763 1715 883 1746; x_wconf 84' lang='lat' dir='ltr'>duobus</span> <span class='ocrx_word' id='word_1_260' title='bbox 907 1718 977 1749; x_wconf 75' lang='lat' dir='ltr'>filiis</span> 
     </span>
    </p>
   </div>
   <div class='ocr_carea' id='block_1_3' title="bbox 94 1759 977 1844">
    <p class='ocr_par' dir='ltr' id='par_1_14' title="bbox 94 1759 977 1844">
     <span class='ocr_line' id='line_1_39' title="bbox 94 1759 977 1844; baseline 0.001 -53"><span class='ocrx_word' id='word_1_261' title='bbox 94 1760 312 1844; x_wconf 56' lang='lat' dir='ltr'>con(sCullaribx3S,</span> <span class='ocrx_word' id='word_1_262' title='bbox 328 1761 428 1793; x_wconf 88' lang='lat' dir='ltr'>neutri</span> <span class='ocrx_word' id='word_1_263' title='bbox 445 1762 496 1792; x_wconf 83' lang='lat' dir='ltr'>M.</span> <span class='ocrx_word' id='word_1_264' title='bbox 511 1769 686 1803; x_wconf 88' lang='lat' dir='ltr'>praenomen</span> <span class='ocrx_word' id='word_1_265' title='bbox 706 1759 775 1822; x_wconf 54' lang='lat' dir='ltr'>guit.</span> <span class='ocrx_word' id='word_1_266' title='bbox 800 1759 910 1801; x_wconf 76' lang='lat' dir='ltr'>Itaque</span> <span class='ocrx_word' id='word_1_267' title='bbox 924 1768 977 1792; x_wconf 87' lang='lat' dir='ltr'>aut</span> 
     </span>
     <span class='ocr_line' id='line_1_40' title="bbox 197 1811 761 1834; baseline -0.004 0"><span class='ocrx_word' id='word_1_268' title='bbox 197 1814 267 1834; x_wconf 76' lang='lat' dir='ltr'><strong>avzs.</strong></span> <span class='ocrx_word' id='word_1_269' title='bbox 710 1823 727 1832; x_wconf 86' lang='grc'>..</span> <span class='ocrx_word' id='word_1_270' title='bbox 742 1811 761 1832; x_wconf 90' lang='lat' dir='ltr'>c</span> 
     </span>
    </p>
   </div>
  </div>
 </body>
</html>
