1122 1868
101 46 109 50 “
139 41 202 72 302
348 40 498 72 INDEX
522 40 809 73 HISTORICUS.

136 126 323 167 gistratibus,
335 134 443 168 praeter
451 128 640 158 tribunatum
652 134 681 158 et
690 127 949 158 censuram.Verr.
959 127 1023 167 ΙΙΙ,

142 170 189 199 10.
215 169 350 200 Africam
362 171 526 209 justissime
541 171 628 200 rexit.
653 171 723 208 Sed,
742 172 806 200 Att.
817 171 860 209 V,
880 172 930 209 17,
946 173 1024 202 solos

139 213 275 253 quinque
297 223 422 243 menses.
447 214 489 254 (V.
507 213 643 252 sssucia.)
669 214 707 243 ad
732 214 803 243 Div.
820 213 848 250 Ι,
866 216 895 245 9.
919 215 1024 245 Planc-

142 258 190 285 13.
206 256 382 296 publicanos
391 256 528 286 inimicos
543 257 644 293 habet,
661 256 742 297 quod
761 266 809 286 eos
824 257 855 286 in
871 257 1025 297 provincia

140 301 318 329 co'e‘rcuerat.
335 299 366 328 in
383 299 483 329 Caecu.
501 300 549 334 17.
560 310 614 340 pro
630 306 756 339 praetore
773 299 950 338 justissimo,
970 310 1026 331 no-

139 351 211 370 men
227 343 290 380 ejus
301 342 418 372 dicitur.
442 342 544 372 Amic.
566 345 591 371 1.
608 342 744 382 pontifex
757 342 805 372 M.
819 342 874 373 Or.
887 342 914 379 I,
930 344 960 373 3.
974 344 1026 382 ju-

141 384 182 414 ris
203 385 368 425 peritorum
390 385 663 425 eloquentissimus.
681 391 710 414 et
725 385 932 426 eloquentium
950 386 1028 425 juris

138 427 346 467 peritissimus.
361 427 410 458 Cf.
423 429 512 457 Brut.
529 429 580 457 39.
597 427 687 457 Offic.
702 428 769 463 ΙΙΙ,
785 431 832 457 ll.
849 431 895 458 15.
911 428 942 458 in
955 438 1027 459 con-

142 470 242 500 sulatu
259 481 328 500 cum
345 471 463 507 Crasso,
484 471 526 500 A.
543 472 614 500 658.
640 471 738 510 legem
755 471 894 501 Muciam
910 471 1027 501 Licini-

139 523 190 543 am
203 514 282 543 tulit.
295 515 337 554 (v.
356 515 429 543 Iud.
447 514 556 552 Legg.)
568 514 657 543 Brut.
674 515 723 543 89.
750 513 902 544 Ciceronis
917 514 949 543 in
958 515 1028 553 jure

141 556 196 586 civ.
213 562 387 596 praeceptor.
416 557 447 586 S.
464 556 554 586 Rosc.
574 558 624 585 12.
650 556 681 585 in
702 556 807 586 funere
830 557 936 594 Marii,
952 567 970 586 a
989 557 1026 587 C.

143 599 169 629 F
171 599 281 629 imbria
304 599 488 629 vulneratur.
512 599 587 628 Nat.
605 599 645 628 D.
663 597 729 635 ΙΙΙ,
745 600 796 629 32.
819 605 889 629 ante
904 600 1029 629 simula-

142 652 227 672 crum
244 643 348 672 Vestae
363 641 530 672 trucidatur
542 646 594 674 (se.
612 641 644 671 in
665 641 749 672 curia
767 641 915 681 Hostilia)
931 653 949 672 a
964 641 1029 672 Da-

139 685 279 725 masippo
294 691 430 724 praetore.
455 684 534 714 Vell.
554 683 599 720 ΙΙ,
617 685 667 714 26.

190 729 225 761 Q.
252 728 391 765 Mucius,
417 728 458 765 Q.
476 727 512 756 F.
529 727 569 765 Q.
587 728 629 757 N.
662 727 711 757 De
733 727 790 758 hoc
811 738 884 768 cape
898 728 938 758 acl
952 727 1025 758 Div.

142 769 209 807 ΙΙΙ,
226 772 255 800 5.
284 771 354 800 Att.
383 771 444 808 IV,
475 771 522 799 16.
545 770 684 800 tribunus
704 771 747 811 pl.
771 770 974 802 Ahenobarbo
1000 776 1029 801 et

141 813 247 854 Appio
263 814 396 844 Pulchro
417 823 489 844 coss.
512 813 706 854 optimatium
730 814 863 854 partium
883 813 1030 844 defensor.

142 857 191 887 Cf.
209 856 250 894 Q.
271 856 322 886 Fr.
338 856 387 893 ΙΙ,
414 857 469 886 ult.
489 855 555 893 ΙΙΙ,
573 858 602 886 2.
617 859 646 887 3.
672 856 712 886 V.
738 856 896 897 Pigffium,
919 856 958 887 ad
982 866 1033 887 an.

141 900 214 931 699.
238 899 289 929 Ex
305 899 351 930 his
367 899 454 929 facile
470 899 647 929 Muciorum
663 905 793 930 stemma
816 899 923 930 confici
946 906 1034 940 pote·

141 943 189 977 rit,
207 942 288 982 quod
299 948 378 972 recte
399 942 522 982 digessit
545 945 628 976 (cum
645 953 662 972 a
677 942 794 979 multis,
815 953 843 972 v.
861 953 885 973 c.
908 942 1032 983 Pighio,

141 986 222 1015 male
235 985 387 1025 digestum
411 984 500 1023 esset)
524 986 693 1025 Rupertus,
711 985 749 1015 ad
765 986 916 1025 Pompon.
934 985 972 1015 de
988 984 1029 1015 O.

141 1029 175 1058 J.
193 1027 258 1065 111,
277 1031 306 1060 7.
331 1028 392 1058 Hic
405 1034 448 1058 est
463 1028 552 1058 etiam
579 1027 617 1058 ad
634 1027 706 1058 Div.
725 1027 785 1066 IV,
799 1030 830 1059 9.
849 1028 873 1058 si
888 1037 961 1058 sana
971 1028 1031 1058 lec-

143 1077 195 1101 tlo-

184 1114 220 1148 Q.
243 1114 368 1144 Mucius
392 1114 536 1151 λίαηεία,
553 1113 642 1144 Offic.
664 1113 693 1150 Ι,
719 1113 770 1144 30.
791 1114 824 1144 in
840 1114 1029 1145 sermonibus

147 1157 255 1194 effecit,
268 1163 303 1187 ut
312 1167 392 1187 unus
408 1157 445 1187 de
460 1156 565 1187 multis
580 1156 739 1187 videretur.

191 1200 366 1237 Mulciber,
380 1200 474 1230 Tusc.
491 1199 539 1237 ΙΙ,
555 1200 585 1229 4.

189 1244 228 1273 L.
249 1243 419 1273 Mummzus
443 1244 613 1279 Achaicus,
637 1242 752 1280 consul,
779 1241 822 1272 Α.
840 1243 913 1278 607.
944 1242 974 1272 V
976 1254 1034 1274 err.

146 1286 194 1323 ΙΙ,
218 1286 270 1315 21.
309 1286 492 1316 Corinthum
516 1264 637 1323 delevit,
663 1291 692 1315 et
715 1285 828 1316 multas
852 1285 981 1316 Acha'iae
1004 1293 1034 1317 et

146 1328 272 1359 Boeotiae
287 1330 376 1359 urbes
391 1329 520 1369 subegit.
544 1330 613 1358 Att.
628 1308 732 1365 'XHL
749 1329 778 1358 6.
795 1329 846 1359 30.
869 1329 921 1358 32.
935 1335 965 1359 et
979 1330 1032 1359 33.

144 1372 198 1411 qui
211 1373 275 1410 ejus
291 1371 394 1402 decem
408 1372 499 1412 legati
515 1371 637 1401 fuerint.
667 1372 758 1401 Brut.
776 1374 827 1401 22.
851 1381 954 1402 censor
965 1382 1036 1402 cum

146 1414 292 1444 Africano
317 1414 439 1452 minori,
464 1417 506 1444 A.
524 1415 596 1444 (ill.
620 1415 709 1444 Brut.
731 1415 782 1443 25.
804 1414 951 1445 orationes
965 1414 1035 1445 reli-

150 1456 227 1497 quit.
244 1456 307 1487 Off.
324 1456 371 1494 ΙΙ,
389 1461 440 1488 22.
454 1457 734 1488 abstinentissimus.

190 1500 229 1529 L.
243 1501 420 1531 fllummius
439 1501 632 1536 Quadratus,
654 1500 737 1530 Sext.
765 1503 812 1530 11.
835 1499 975 1530 tribunus
990 1500 1034 1541 pl.

151 1551 222 1571 cum
240 1542 275 1570 P.
289 1541 408 1580 Clodio,
425 1543 463 1573 de
483 1544 578 1573 salute
596 1542 749 1573 Ciceronis
769 1542 808 1572 ad
833 1549 970 1572 senatum
991 1553 1038 1573 re-

147 1583 213 1614 fert.
231 1584 403 1623 Manutius,
416 1586 454 1616 ad
467 1587 550 1616 Sext.
567 1589 616 1621 11,
630 1586 776 1615 Ninnius
791 1585 954 1625 legendum
970 1596 1040 1616 cen-

151 1633 206 1664 set,
224 1634 253 1657 et
268 1627 309 1657 ita
323 1627 415 1658 habet
431 1628 506 1666 Dio,
518 1628 720 1665 XXXVIII,
736 1639 767 1669 p.
791 1628 852 1663 79:
877 1627 920 1657 ita
934 1628 1038 1669 appel-

152 1669 234 1700 latur
264 1670 356 1701 etiam
385 1671 451 1702 aliis
475 1671 628 1702 Ciceronis
653 1670 725 1702 locis
750 1670 824 1711 (vid.
841 1670 872 1701 in
895 1671 933 1700 L.
951 1673 1039 1701 Nin-
