1137 1848
325 86 475 117 INDEX
503 85 788 117 HISTORICUS.
943 84 1006 114 283

163 167 195 198 Τ.
213 169 374 209 IVIam'lius,
393 172 484 201 Rosc.
499 172 585 202 Com.
607 174 656 200 14.
671 176 799 200 senator.

157 211 189 241 C.
207 213 352 249 filiaabus,
370 214 459 244 Catil.
478 213 505 251 Ι,
523 215 553 243 3.
573 224 627 253 pro
644 223 704 253 quo
732 212 867 252 Lipsius,
885 211 1002 241 Manu-

114 252 186 291 tius,
203 260 232 284 et
247 255 309 292 alii,
327 257 476 286 illallius:
501 257 542 286 sic
563 256 644 286 enim
661 255 771 291 (iraeci,
790 254 863 289 Dio,
881 255 1003 283 Plutar-

110 295 195 332 chus,
223 297 395 338 Appianus.
421 298 469 329 Ita
498 299 611 328 habent
637 298 726 328 etiam
759 298 885 338 quidam
914 297 999 326 codd.

112 338 257 368 Sallustii.
275 342 318 381 (v.
336 342 474 371 Coi-tium
486 341 525 372 ad
541 341 613 371 Sall.
631 340 721 371 Catil.
735 340 805 378 24.)
824 339 921 370 socius
938 338 999 370 Ca-

109 380 214 411 tilinae.
231 382 271 412 V.
290 385 442 414 Acidinus.

154 423 208 454 Cn.
235 425 381 463 ΙῑῙαιιίὶιιε,
399 427 485 456 Mur.
503 427 551 458 17.
570 426 675 456 Plane.
692 427 721 454 5.
737 425 829 457 homo
845 424 997 464 ignobilis,

108 464 201 495 vincit
227 466 268 504 Q.
292 467 439 499 Catulum
454 469 485 499 in
503 469 655 509 petitione.
680 468 736 498 Or.
758 467 802 503 II,
824 470 875 497 23.
893 467 996 496 defen-

107 507 190 538 ditur
204 519 222 538 a
238 510 287 540 M.
307 512 456 549 Antonio,
481 522 552 542 cum
577 521 659 549 eum,
681 511 796 540 victum
824 521 842 540 a
863 509 996 541 Cimbris

108 560 179 580 cum
194 550 349 592 Caepione‚
361 555 513 594 Sulpicius
523 554 700 584 accusasset.
726 554 767 583 V.
785 554 867 583 vell.
886 552 933 589 ΙΙ,
950 555 997 582 12.

108 592 336 626 Drakenborch.
348 597 386 627 ad
396 598 478 627 Livii
488 597 573 638 Epit.
589 598 639 631 67.
653 606 707 626 nos
722 596 760 625 ad
771 596 868 626 Tacit.
890 596 995 625 Germ.

151 681 191 710 L.
211 682 359 719 Manlius,
375 682 417 712 A.
435 683 477 712 ffl.
494 682 558 713 Off.
577 682 645 719 111,
662 682 713 711 31.
730 687 798 722 post
814 681 995 711 dictaturam

105 731 261 754 accusatus
273 736 290 755 a
306 725 355 754 Μ.
370 725 541 765 Pomponio
557 725 625 755 trib.
646 725 687 765 pl.
701 735 754 764 per
770 724 869 754 filium
886 724 995 754 libera-

107 770 168 795 tur.

148 809 191 839 L.
207 810 349 840 Manlius
365 811 524 847 Acidinus,
542 810 596 841 Or.
616 809 662 845 II,
684 809 735 838 64.
746 808 819 840 Vid.
836 809 994 839 Acidinus.

149 852 190 882 L.
206 853 352 891 Ilelius,
373 854 411 883 ad
427 853 499 883 Div.
518 852 618 890 XIII,
634 853 686 882 30.
716 851 897 889 Catinensis,
921 851 993 881 civis

108 893 201 924 Rom.
214 895 321 926 factus.

149 938 201 967 M.
218 939 364 976 Iliznlius,
388 938 482 969 Doni.
503 939 554 968 38.
572 939 637 976 ejus
653 938 763 968 domus
783 937 938 973 evertitur,
962 942 992 966 et

105 978 224 1010 duobus
250 981 326 1011 lucis
352 982 547 1012 convestitur.
571 980 653 1010 Phil.
675 982 703 1017 1,
724 981 772 1009 13.
786 986 909 1020 propter
924 981 990 1018 ejus

105 1022 213 1059 scelus,
229 1033 303 1063 gens
319 1024 440 1054 Manlia
454 1024 607 1054 neminem
623 1034 639 1054 e
653 1023 769 1056 familia
781 1023 836 1054 sua
847 1023 993 1052 Marcum

109 1065 260 1095 nominari
276 1067 380 1096 voluit.

152 1108 188 1142 Q.
202 1109 346 1147 stiantius,
359 1110 390 1138 in
406 1109 495 1139 Verr.
510 1109 538 1145 I,
558 1110 607 1139 lo.
623 1108 763 1139 tribunus
779 1108 819 1149 pl.
837 1108 880 1138 A.
897 1108 971 1139 684.

152 1150 188 1185 Q.
206 1153 340 1181 Ilhnlius
357 1153 449 1189 Chilo,
466 1152 589 1183 Catilin.
606 1151 672 1189 ΙΙΙ,
684 1152 713 1181 6.
722 1151 818 1182 socius
836 1150 990 1188 Catilinae,

107 1192 247 1224 sollicitat
267 1194 461 1235 Allobroges.
487 1195 648 1225 Sallustius
675 1194 808 1234 appellat
823 1195 870 1223 M.
889 1196 992 1223 mmi-

107 1245 161 1265 um
173 1247 184 1265 .-
202 1237 254 1267 sed
274 1237 425 1267 Ciceronis
444 1238 532 1268 lectio
559 1237 654 1267 verior
678 1242 799 1277 propter
811 1245 990 1276 cognomen,

107 1278 189 1318 quod
205 1285 249 1309 est
273 1279 476 1316 Manliorum‚
498 1290 559 1309 non
582 1279 768 1309 Anniorum.
797 1279 849 1320 (P.
874 1279 991 1308 Manu-

103 1320 190 1360 tius.)
215 1322 379 1359 Caeterum,
401 1322 432 1351 in
448 1323 586 1363 pluribus
608 1321 793 1358 nominibus,
810 1321 958 1361 discrepat
973 1333 992 1352 a

108 1361 253 1394 Cicerone
265 1364 436 1395 Sallustius.
451 1365 524 1396 Vid.
542 1365 713 1406 Caeparius.
738 1363 860 1395 Cortius
875 1363 913 1393 ad
925 1365 992 1394 Sal-

108 1405 182 1436 lust.
205 1406 273 1437 Cat.
290 1408 341 1437 46.
357 1408 387 1437 3.

153 1449 188 1478 T.
206 1450 357 1487 Illunlius,
382 1450 420 1480 Ι..
436 1450 472 1480 F.
489 1450 532 1481 A.
550 1450 593 1479 N.
611 1449 673 1481 Off.
692 1449 758 1487 ΙΙΙ,
775 1452 827 1481 31.
840 1454 958 1490 patrem
971 1460 990 1480 a

108 1490 279 1532 Pomponio
292 1499 328 1522 tr.
344 1493 386 1533 pl.
403 1500 575 1523 accusatum
590 1493 716 1523 liberat:
740 1492 865 1522 Gallum
887 1502 904 1521 e
920 1503 991 1533 pro-

106 1535 261 1565 vocatione
274 1535 365 1566 vincit
377 1547 384 1565 ε
402 1536 578 1575 Torquatus
589 1535 706 1575 primus
721 1535 818 1565 dictus
831 1547 838 1564 :
855 1535 887 1564 in
901 1535 990 1565 tertio

108 1578 265 1607 consulatu
282 1578 409 1608 Latinos
423 1578 462 1609 ad
479 1578 617 1609 Veserim
631 1578 722 1608 vincit
735 1589 743 1607 :
767 1587 885 1608 severus
900 1583 944 1607 est
958 1577 991 1607 in

111 1618 221 1649 filium.

156 1662 188 1691 T.
206 1664 364 1699 Manlius,
391 1663 430 1696 ad
446 1664 519 1695 Div.
535 1663 636 1703 XIII,
654 1667 705 1695 22.
728 1663 796 1694 Att.
809 1663 840 1701 Ι,
855 1663 904 1694 16.
916 1672 976 1704 neg

104 1703 212 1736 otiator
226 1706 379 1748 Thespiis.
