<?xml version="1.0" encoding="UTF-8"?>
<!DOCTYPE html PUBLIC "-//W3C//DTD XHTML 1.0 Transitional//EN"
    "http://www.w3.org/TR/xhtml1/DTD/xhtml1-transitional.dtd">
<html xmlns="http://www.w3.org/1999/xhtml" xml:lang="en" lang="en">
 <head>
  <title>
</title>
<meta http-equiv="Content-Type" content="text/html;charset=utf-8" />
  <meta name='ocr-system' content='tesseract 3.04.00' />
  <meta name='ocr-capabilities' content='ocr_page ocr_carea ocr_par ocr_line ocrx_word'/>
</head>
<body>
  <div class='ocr_page' id='page_1' title='image "./operaern12ciceuoft_0028.png"; bbox 0 0 1122 1868; ppageno 0'>
   <div class='ocr_carea' id='block_1_1' title="bbox 143 55 750 88">
    <p class='ocr_par' dir='ltr' id='par_1_1' title="bbox 143 55 750 88">
     <span class='ocr_line' id='line_1_1' title="bbox 143 55 750 88; baseline 0.002 -4"><span class='ocrx_word' id='word_1_1' title='bbox 143 55 181 85; x_wconf 89' lang='lat'><strong>16</strong></span> <span class='ocrx_word' id='word_1_2' title='bbox 405 56 554 87; x_wconf 85' lang='lat' dir='ltr'>INDEX</span> <span class='ocrx_word' id='word_1_3' title='bbox 578 56 750 88; x_wconf 76' lang='lat' dir='ltr'>LEGUM.</span> 
     </span>
    </p>
   </div>
   <div class='ocr_carea' id='block_1_2' title="bbox 128 140 1026 1715">
    <p class='ocr_par' dir='ltr' id='par_1_2' title="bbox 128 140 1026 1715">
     <span class='ocr_line' id='line_1_2' title="bbox 138 140 1019 182; baseline 0.001 -13"><span class='ocrx_word' id='word_1_4' title='bbox 138 140 237 170; x_wconf 80' lang='lat' dir='ltr'><strong>multa</strong></span> <span class='ocrx_word' id='word_1_5' title='bbox 250 140 282 171; x_wconf 87' lang='lat' dir='ltr'><strong>in</strong></span> <span class='ocrx_word' id='word_1_6' title='bbox 297 140 352 172; x_wconf 89' lang='lat' dir='ltr'><strong>Or.</strong></span> <span class='ocrx_word' id='word_1_7' title='bbox 369 152 423 182; x_wconf 91' lang='lat' dir='ltr'><strong>pro</strong></span> <span class='ocrx_word' id='word_1_8' title='bbox 432 141 546 180; x_wconf 88' lang='lat' dir='ltr'><strong>Domo,</strong></span> <span class='ocrx_word' id='word_1_9' title='bbox 561 142 599 173; x_wconf 85' lang='lat' dir='ltr'><strong>de</strong></span> <span class='ocrx_word' id='word_1_10' title='bbox 610 142 687 172; x_wconf 85' lang='lat' dir='ltr'><strong>Har.</strong></span> <span class='ocrx_word' id='word_1_11' title='bbox 704 142 795 182; x_wconf 83' lang='lat' dir='ltr'><strong>Resp.</strong></span> <span class='ocrx_word' id='word_1_12' title='bbox 811 151 866 182; x_wconf 89' lang='lat' dir='ltr'><strong>pro</strong></span> <span class='ocrx_word' id='word_1_13' title='bbox 881 141 963 172; x_wconf 77' lang='lat' dir='ltr'><strong>Sext.</strong></span> <span class='ocrx_word' id='word_1_14' title='bbox 980 140 1019 170; x_wconf 89' lang='lat' dir='ltr'><strong>ad</strong></span> 
     </span>
     <span class='ocr_line' id='line_1_3' title="bbox 138 182 1021 225; baseline 0.002 -14"><span class='ocrx_word' id='word_1_15' title='bbox 138 182 227 219; x_wconf 84' lang='lat' dir='ltr'><strong>Quir.</strong></span> <span class='ocrx_word' id='word_1_16' title='bbox 240 189 270 213; x_wconf 86' lang='lat' dir='ltr'><strong>et</strong></span> <span class='ocrx_word' id='word_1_17' title='bbox 279 183 310 213; x_wconf 91' lang='lat' dir='ltr'><strong>in</strong></span> <span class='ocrx_word' id='word_1_18' title='bbox 322 185 422 215; x_wconf 81' lang='lat' dir='ltr'><strong>Senat.</strong></span> <span class='ocrx_word' id='word_1_19' title='bbox 435 191 503 225; x_wconf 89' lang='lat' dir='ltr'><strong>post</strong></span> <span class='ocrx_word' id='word_1_20' title='bbox 515 185 616 215; x_wconf 81' lang='lat' dir='ltr'><strong>Redit.</strong></span> <span class='ocrx_word' id='word_1_21' title='bbox 626 185 658 214; x_wconf 85' lang='lat' dir='ltr'><strong>in</strong></span> <span class='ocrx_word' id='word_1_22' title='bbox 671 185 824 222; x_wconf 67' lang='lat' dir='ltr'><strong>Pisonem,</strong></span> <span class='ocrx_word' id='word_1_23' title='bbox 835 185 891 214; x_wconf 77' lang='lat' dir='ltr'><strong>&amp;c-</strong></span> <span class='ocrx_word' id='word_1_24' title='bbox 916 183 1021 214; x_wconf 85' lang='lat' dir='ltr'><strong>Aliam</strong></span> 
     </span>
     <span class='ocr_line' id='line_1_4' title="bbox 140 224 1021 268; baseline 0 -14"><span class='ocrx_word' id='word_1_25' title='bbox 140 224 395 265; x_wconf 78' lang='lat' dir='ltr'><strong>improbissimam</strong></span> <span class='ocrx_word' id='word_1_26' title='bbox 411 228 480 257; x_wconf 83' lang='lat' dir='ltr'><strong>tulit</strong></span> <span class='ocrx_word' id='word_1_27' title='bbox 492 229 527 258; x_wconf 79' lang='lat' dir='ltr'><strong>de</strong></span> <span class='ocrx_word' id='word_1_28' title='bbox 543 228 630 268; x_wconf 73' lang='lat' dir='ltr'><strong>Cypri</strong></span> <span class='ocrx_word' id='word_1_29' title='bbox 642 237 709 265; x_wconf 79' lang='lat' dir='ltr'><strong>rege</strong></span> <span class='ocrx_word' id='word_1_30' title='bbox 722 228 888 262; x_wconf 70' lang='lat' dir='ltr'><strong>Ptolervtcr’o,</strong></span> <span class='ocrx_word' id='word_1_31' title='bbox 901 232 934 256; x_wconf 81' lang='lat' dir='ltr'><strong>ut</strong></span> <span class='ocrx_word' id='word_1_32' title='bbox 950 226 1021 255; x_wconf 80' lang='lat' dir='ltr'><strong>bona</strong></span> 
     </span>
     <span class='ocr_line' id='line_1_5' title="bbox 140 269 1023 310; baseline 0.001 -14"><span class='ocrx_word' id='word_1_33' title='bbox 140 269 202 306; x_wconf 73' lang='lat' dir='ltr'><strong>ejus</strong></span> <span class='ocrx_word' id='word_1_34' title='bbox 214 270 442 307; x_wconf 74' lang='lat' dir='ltr'><strong>publicarentur,</strong></span> <span class='ocrx_word' id='word_1_35' title='bbox 454 277 480 300; x_wconf 85' lang='lat' dir='ltr'><strong>et</strong></span> <span class='ocrx_word' id='word_1_36' title='bbox 493 270 606 310; x_wconf 65' lang='lat' dir='ltr'><strong>Cyprus</strong></span> <span class='ocrx_word' id='word_1_37' title='bbox 616 271 644 300; x_wconf 81' lang='lat' dir='ltr'><strong>in</strong></span> <span class='ocrx_word' id='word_1_38' title='bbox 656 271 945 309; x_wconf 63' lang='lat' dir='ltr'><strong>provinciteformam</strong></span> <span class='ocrx_word' id='word_1_39' title='bbox 955 269 1023 297; x_wconf 76' lang='lat' dir='ltr'><strong>red-</strong></span> 
     </span>
     <span class='ocr_line' id='line_1_6' title="bbox 139 311 1020 352; baseline 0.003 -14"><span class='ocrx_word' id='word_1_40' title='bbox 139 311 279 350; x_wconf 70' lang='lat' dir='ltr'><strong>igeretur,</strong></span> <span class='ocrx_word' id='word_1_41' title='bbox 305 323 393 351; x_wconf 81' lang='lat' dir='ltr'><strong>eoque</strong></span> <span class='ocrx_word' id='word_1_42' title='bbox 412 324 458 342; x_wconf 85' lang='lat' dir='ltr'><strong>res</strong></span> <span class='ocrx_word' id='word_1_43' title='bbox 476 314 577 343; x_wconf 73' lang='lat' dir='ltr'><strong>Caroni</strong></span> <span class='ocrx_word' id='word_1_44' title='bbox 602 315 809 348; x_wconf 67' lang='lat' dir='ltr'><strong>mandareturg</strong></span> <span class='ocrx_word' id='word_1_45' title='bbox 833 312 870 341; x_wconf 90' lang='lat' dir='ltr'><strong>de</strong></span> <span class='ocrx_word' id='word_1_46' title='bbox 884 312 944 352; x_wconf 65' lang='lat' dir='ltr'><strong>quii</strong></span> <span class='ocrx_word' id='word_1_47' title='bbox 958 311 1020 341; x_wconf 83' lang='lat' dir='ltr'><strong>Cic.</strong></span> 
     </span>
     <span class='ocr_line' id='line_1_7' title="bbox 140 353 1024 396; baseline 0 -13"><span class='ocrx_word' id='word_1_48' title='bbox 140 362 195 392; x_wconf 86' lang='lat' dir='ltr'><strong>pro</strong></span> <span class='ocrx_word' id='word_1_49' title='bbox 211 354 324 391; x_wconf 80' lang='lat' dir='ltr'><strong>Sextio,</strong></span> <span class='ocrx_word' id='word_1_50' title='bbox 342 365 365 384; x_wconf 92' lang='lat' dir='ltr'><strong>c.</strong></span> <span class='ocrx_word' id='word_1_51' title='bbox 382 357 433 385; x_wconf 74' lang='lat'><strong>⁴26.</strong></span> <span class='ocrx_word' id='word_1_52' title='bbox 458 356 536 394; x_wconf 88' lang='lat' dir='ltr'><strong>Ejus</strong></span> <span class='ocrx_word' id='word_1_53' title='bbox 555 355 630 396; x_wconf 81' lang='lat' dir='ltr'><strong>legis</strong></span> <span class='ocrx_word' id='word_1_54' title='bbox 644 356 708 386; x_wconf 85' lang='lat' dir='ltr'><strong>haec</strong></span> <span class='ocrx_word' id='word_1_55' title='bbox 723 365 812 385; x_wconf 85' lang='lat' dir='ltr'><strong>causa</strong></span> <span class='ocrx_word' id='word_1_56' title='bbox 827 354 894 392; x_wconf 76' lang='lat' dir='ltr'><strong>fuit,</strong></span> <span class='ocrx_word' id='word_1_57' title='bbox 911 360 946 384; x_wconf 85' lang='lat' dir='ltr'><strong>ut</strong></span> <span class='ocrx_word' id='word_1_58' title='bbox 960 353 1024 394; x_wconf 83' lang='lat' dir='ltr'><strong>pri-</strong></span> 
     </span>
     <span class='ocr_line' id='line_1_8' title="bbox 139 397 1022 438; baseline 0.002 -14"><span class='ocrx_word' id='word_1_59' title='bbox 139 404 226 425; x_wconf 90' lang='lat' dir='ltr'><strong>murn</strong></span> <span class='ocrx_word' id='word_1_60' title='bbox 236 407 336 437; x_wconf 89' lang='lat' dir='ltr'><strong>regem</strong></span> <span class='ocrx_word' id='word_1_61' title='bbox 349 398 550 436; x_wconf 77' lang='lat' dir='ltr'><strong>ulcisceretur,</strong></span> <span class='ocrx_word' id='word_1_62' title='bbox 564 399 617 438; x_wconf 83' lang='lat' dir='ltr'><strong>qui</strong></span> <span class='ocrx_word' id='word_1_63' title='bbox 630 399 685 428; x_wconf 85' lang='lat' dir='ltr'>sibi</span> <span class='ocrx_word' id='word_1_64' title='bbox 698 408 716 427; x_wconf 87' lang='lat' dir='ltr'>a</span> <span class='ocrx_word' id='word_1_65' title='bbox 731 397 834 438; x_wconf 83' lang='lat' dir='ltr'><strong>piratis</strong></span> <span class='ocrx_word' id='word_1_66' title='bbox 849 402 935 437; x_wconf 83' lang='lat' dir='ltr'><strong>capto</strong></span> <span class='ocrx_word' id='word_1_67' title='bbox 949 397 1022 427; x_wconf 78' lang='lat' dir='ltr'><strong>olim</strong></span> 
     </span>
     <span class='ocr_line' id='line_1_9' title="bbox 137 439 1023 481; baseline 0.001 -13"><span class='ocrx_word' id='word_1_68' title='bbox 137 439 309 477; x_wconf 81' lang='lat' dir='ltr'><strong>pecuniam,</strong></span> <span class='ocrx_word' id='word_1_69' title='bbox 326 440 387 480; x_wconf 58' lang='lat' dir='ltr'><strong>quit</strong></span> <span class='ocrx_word' id='word_1_70' title='bbox 402 451 433 470; x_wconf 88' lang='lat' dir='ltr'><strong>se</strong></span> <span class='ocrx_word' id='word_1_71' title='bbox 448 441 617 477; x_wconf 78' lang='lat' dir='ltr'><strong>redimeret,</strong></span> <span class='ocrx_word' id='word_1_72' title='bbox 634 441 779 481; x_wconf 50' lang='lat' dir='ltr'><strong>negaram</strong></span> <span class='ocrx_word' id='word_1_73' title='bbox 801 440 908 470; x_wconf 86' lang='lat' dir='ltr'><strong>deinde</strong></span> <span class='ocrx_word' id='word_1_74' title='bbox 931 440 1023 470; x_wconf 86' lang='lat' dir='ltr'>Cato-</span> 
     </span>
     <span class='ocr_line' id='line_1_10' title="bbox 138 482 1023 523; baseline 0.002 -14"><span class='ocrx_word' id='word_1_75' title='bbox 138 489 209 510; x_wconf 89' lang='lat' dir='ltr'><strong>nem</strong></span> <span class='ocrx_word' id='word_1_76' title='bbox 226 492 243 511; x_wconf 87' lang='lat' dir='ltr'>a</span> <span class='ocrx_word' id='word_1_77' title='bbox 265 493 297 511; x_wconf 94' lang='lat' dir='ltr'><strong>re</strong></span> <span class='ocrx_word' id='word_1_78' title='bbox 312 483 434 522; x_wconf 53' lang='lat' dir='ltr'><strong>public&amp;</strong></span> <span class='ocrx_word' id='word_1_79' title='bbox 452 490 626 521; x_wconf 71' lang='lat' dir='ltr'><strong>removeret,</strong></span> <span class='ocrx_word' id='word_1_80' title='bbox 643 494 680 514; x_wconf 88' lang='lat' dir='ltr'><strong>ne</strong></span> <span class='ocrx_word' id='word_1_81' title='bbox 695 484 734 513; x_wconf 91' lang='lat' dir='ltr'><strong>ab</strong></span> <span class='ocrx_word' id='word_1_82' title='bbox 756 493 790 513; x_wconf 91' lang='lat' dir='ltr'><strong>eo</strong></span> <span class='ocrx_word' id='word_1_83' title='bbox 805 482 1023 523; x_wconf 78' lang='lat' dir='ltr'><strong>impedirentur</strong></span> 
     </span>
     <span class='ocr_line' id='line_1_11' title="bbox 138 525 1024 566; baseline 0.002 -14"><span class='ocrx_word' id='word_1_84' title='bbox 138 530 243 553; x_wconf 78' lang='lat' dir='ltr'><strong>conata</strong></span> <span class='ocrx_word' id='word_1_85' title='bbox 259 535 321 554; x_wconf 85' lang='lat' dir='ltr'><strong>sua.</strong></span> <span class='ocrx_word' id='word_1_86' title='bbox 347 525 385 555; x_wconf 92' lang='lat' dir='ltr'><strong>V.</strong></span> <span class='ocrx_word' id='word_1_87' title='bbox 404 525 495 556; x_wconf 78' lang='lat' dir='ltr'><strong>Dion.</strong></span> <span class='ocrx_word' id='word_1_88' title='bbox 511 526 563 556; x_wconf 91' lang='lat' dir='ltr'><strong>lib.</strong></span> <span class='ocrx_word' id='word_1_89' title='bbox 581 528 632 555; x_wconf 83' lang='lat'><strong>38.</strong></span> <span class='ocrx_word' id='word_1_90' title='bbox 657 526 696 556; x_wconf 85' lang='lat' dir='ltr'><strong>Ei</strong></span> <span class='ocrx_word' id='word_1_91' title='bbox 709 526 828 562; x_wconf 76' lang='lat' dir='ltr'><strong>similis,</strong></span> <span class='ocrx_word' id='word_1_92' title='bbox 853 525 914 566; x_wconf 59' lang='lat' dir='ltr'><strong>quit</strong></span> <span class='ocrx_word' id='word_1_93' title='bbox 929 535 1024 554; x_wconf 83' lang='lat' dir='ltr'><strong>sacer-</strong></span> 
     </span>
     <span class='ocr_line' id='line_1_12' title="bbox 138 566 1023 603; baseline 0.003 -9"><span class='ocrx_word' id='word_1_94' title='bbox 138 566 197 595; x_wconf 79' lang='lat' dir='ltr'><strong>doti</strong></span> <span class='ocrx_word' id='word_1_95' title='bbox 212 568 394 597; x_wconf 54' lang='lat' dir='ltr'><strong>Pessinuntii)</strong></span> <span class='ocrx_word' id='word_1_96' title='bbox 409 570 599 598; x_wconf 54' lang='lat' dir='ltr'><strong>sacerdotium</strong></span> <span class='ocrx_word' id='word_1_97' title='bbox 615 570 732 603; x_wconf 68' lang='lat' dir='ltr'><strong>ademit,</strong></span> <span class='ocrx_word' id='word_1_98' title='bbox 743 568 815 599; x_wconf 84' lang='lat' dir='ltr'>ibid.</span> <span class='ocrx_word' id='word_1_99' title='bbox 841 568 907 598; x_wconf 78' lang='lat' dir='ltr'><strong>Nec</strong></span> <span class='ocrx_word' id='word_1_100' title='bbox 916 567 1023 597; x_wconf 86' lang='lat' dir='ltr'><strong>melior</strong></span> 
     </span>
     <span class='ocr_line' id='line_1_13' title="bbox 139 609 1024 651; baseline 0.003 -13"><span class='ocrx_word' id='word_1_101' title='bbox 139 618 184 645; x_wconf 83' lang='lat' dir='ltr'><strong>ea,</strong></span> <span class='ocrx_word' id='word_1_102' title='bbox 202 609 263 650; x_wconf 61' lang='lat' dir='ltr'><strong>quit</strong></span> <span class='ocrx_word' id='word_1_103' title='bbox 280 609 405 640; x_wconf 73' lang='lat' dir='ltr'><strong>Gabinio</strong></span> <span class='ocrx_word' id='word_1_104' title='bbox 420 619 446 641; x_wconf 79' lang='lat' dir='ltr'><strong>et</strong></span> <span class='ocrx_word' id='word_1_105' title='bbox 465 612 562 642; x_wconf 72' lang='lat' dir='ltr'><strong>l’mmi</strong></span> <span class='ocrx_word' id='word_1_106' title='bbox 577 613 738 650; x_wconf 81' lang='lat' dir='ltr'><strong>provincias</strong></span> <span class='ocrx_word' id='word_1_107' title='bbox 751 612 863 651; x_wconf 73' lang='lat' dir='ltr'><strong>Syriam</strong></span> <span class='ocrx_word' id='word_1_108' title='bbox 880 615 906 639; x_wconf 80' lang='lat' dir='ltr'><strong>et</strong></span> <span class='ocrx_word' id='word_1_109' title='bbox 922 610 1024 639; x_wconf 70' lang='lat' dir='ltr'><strong>Mace-</strong></span> 
     </span>
     <span class='ocr_line' id='line_1_14' title="bbox 137 651 1022 694; baseline 0.005 -16"><span class='ocrx_word' id='word_1_110' title='bbox 137 651 251 681; x_wconf 50' lang='lat' dir='ltr'><strong>daniam</strong></span> <span class='ocrx_word' id='word_1_111' title='bbox 265 652 366 689; x_wconf 81' lang='lat' dir='ltr'><strong>dedit;</strong></span> <span class='ocrx_word' id='word_1_112' title='bbox 391 655 473 694; x_wconf 86' lang='lat' dir='ltr'><strong>quod</strong></span> <span class='ocrx_word' id='word_1_113' title='bbox 488 654 532 684; x_wconf 88' lang='lat' dir='ltr'><strong>illi</strong></span> <span class='ocrx_word' id='word_1_114' title='bbox 547 655 627 694; x_wconf 84' lang='lat' dir='ltr'><strong>pacti</strong></span> <span class='ocrx_word' id='word_1_115' title='bbox 642 660 737 690; x_wconf 80' lang='lat' dir='ltr'><strong>erant,</strong></span> <span class='ocrx_word' id='word_1_116' title='bbox 754 664 791 683; x_wconf 88' lang='lat' dir='ltr'><strong>ne</strong></span> <span class='ocrx_word' id='word_1_117' title='bbox 806 653 906 693; x_wconf 84' lang='lat' dir='ltr'><strong>ipsum</strong></span> <span class='ocrx_word' id='word_1_118' title='bbox 921 653 953 682; x_wconf 91' lang='lat' dir='ltr'><strong>in</strong></span> <span class='ocrx_word' id='word_1_119' title='bbox 970 652 1022 683; x_wconf 84' lang='lat' dir='ltr'><strong>Ci-</strong></span> 
     </span>
     <span class='ocr_line' id='line_1_15' title="bbox 137 695 1021 737; baseline 0.001 -14"><span class='ocrx_word' id='word_1_120' title='bbox 137 703 242 724; x_wconf 88' lang='lat' dir='ltr'><strong>cerone</strong></span> <span class='ocrx_word' id='word_1_121' title='bbox 265 695 425 736; x_wconf 81' lang='lat' dir='ltr'><strong>relegando</strong></span> <span class='ocrx_word' id='word_1_122' title='bbox 449 696 637 737; x_wconf 72' lang='lat' dir='ltr'><strong>impedirent.</strong></span> <span class='ocrx_word' id='word_1_123' title='bbox 669 696 719 726; x_wconf 91' lang='lat' dir='ltr'><strong>De</strong></span> <span class='ocrx_word' id='word_1_124' title='bbox 740 695 956 737; x_wconf 55' lang='lat' dir='ltr'><strong>flntmentarici,</strong></span> <span class='ocrx_word' id='word_1_125' title='bbox 980 695 1021 725; x_wconf 88' lang='lat' dir='ltr'><strong>V.</strong></span> 
     </span>
     <span class='ocr_line' id='line_1_16' title="bbox 138 735 1024 778; baseline 0.002 -13"><span class='ocrx_word' id='word_1_126' title='bbox 138 735 166 765; x_wconf 86' lang='lat' dir='ltr'><em>F</em></span> <span class='ocrx_word' id='word_1_127' title='bbox 166 740 361 768; x_wconf 75' lang='lat' dir='ltr'><strong>rumentariae.</strong></span> <span class='ocrx_word' id='word_1_128' title='bbox 386 739 474 769; x_wconf 83' lang='lat' dir='ltr'>Tulit</span> <span class='ocrx_word' id='word_1_129' title='bbox 485 740 587 776; x_wconf 81' lang='lat' dir='ltr'><strong>etiam,</strong></span> <span class='ocrx_word' id='word_1_130' title='bbox 603 750 638 769; x_wconf 83' lang='lat' dir='ltr'><strong>ne</strong></span> <span class='ocrx_word' id='word_1_131' title='bbox 654 740 716 778; x_wconf 77' lang='lat' dir='ltr'><strong>quis</strong></span> <span class='ocrx_word' id='word_1_132' title='bbox 730 750 760 769; x_wconf 81' lang='lat' dir='ltr'><strong>eo</strong></span> <span class='ocrx_word' id='word_1_133' title='bbox 775 740 821 768; x_wconf 76' lang='lat' dir='ltr'><strong>die</strong></span> <span class='ocrx_word' id='word_1_134' title='bbox 833 739 868 767; x_wconf 85' lang='lat' dir='ltr'><strong>de</strong></span> <span class='ocrx_word' id='word_1_135' title='bbox 880 740 950 768; x_wconf 83' lang='lat' dir='ltr'><strong><em>coelo</em></strong></span> <span class='ocrx_word' id='word_1_136' title='bbox 964 748 1024 768; x_wconf 86' lang='lat' dir='ltr'><strong>ser-</strong></span> 
     </span>
     <span class='ocr_line' id='line_1_17' title="bbox 135 780 1023 822; baseline 0.002 -14"><span class='ocrx_word' id='word_1_137' title='bbox 135 786 226 815; x_wconf 82' lang='lat' dir='ltr'><strong>varet,</strong></span> <span class='ocrx_word' id='word_1_138' title='bbox 252 791 307 820; x_wconf 81' lang='lat' dir='ltr'><strong>qno</strong></span> <span class='ocrx_word' id='word_1_139' title='bbox 334 792 399 810; x_wconf 84' lang='lat' dir='ltr'><strong>cnm</strong></span> <span class='ocrx_word' id='word_1_140' title='bbox 417 783 523 820; x_wconf 60' lang='lat' dir='ltr'><strong>pupulo</strong></span> <span class='ocrx_word' id='word_1_141' title='bbox 549 783 599 822; x_wconf 83' lang='lat' dir='ltr'><strong>agi</strong></span> <span class='ocrx_word' id='word_1_142' title='bbox 620 789 732 821; x_wconf 71' lang='lat' dir='ltr'><strong>posset5</strong></span> <span class='ocrx_word' id='word_1_143' title='bbox 756 791 810 811; x_wconf 84' lang='lat' dir='ltr'><strong>nec</strong></span> <span class='ocrx_word' id='word_1_144' title='bbox 830 780 1023 810; x_wconf 72' lang='lat' dir='ltr'><strong>intercederet</strong></span> 
     </span>
     <span class='ocr_line' id='line_1_18' title="bbox 137 822 1024 865; baseline 0.003 -15"><span class='ocrx_word' id='word_1_145' title='bbox 137 822 299 863; x_wconf 89' lang='lat' dir='ltr'><strong>quisquam</strong></span> <span class='ocrx_word' id='word_1_146' title='bbox 326 824 517 854; x_wconf 82' lang='lat' dir='ltr'><strong>tribunorum</strong></span> <span class='ocrx_word' id='word_1_147' title='bbox 531 835 540 860; x_wconf 73' lang='grc' dir='ltr'><strong>ς</strong></span> <span class='ocrx_word' id='word_1_148' title='bbox 565 835 625 865; x_wconf 89' lang='lat' dir='ltr'><strong>quo</strong></span> <span class='ocrx_word' id='word_1_149' title='bbox 654 824 760 854; x_wconf 90' lang='lat' dir='ltr'><strong>Cicero</strong></span> <span class='ocrx_word' id='word_1_150' title='bbox 783 824 881 864; x_wconf 88' lang='lat' dir='ltr'><strong>legem</strong></span> <span class='ocrx_word' id='word_1_151' title='bbox 905 823 1024 853; x_wconf 86' lang='lat' dir='ltr'><strong>AEliam</strong></span> 
     </span>
     <span class='ocr_line' id='line_1_19' title="bbox 137 863 1024 907; baseline 0.003 -14"><span class='ocrx_word' id='word_1_152' title='bbox 137 863 259 894; x_wconf 83' lang='lat' dir='ltr'><strong>Fufiam</strong></span> <span class='ocrx_word' id='word_1_153' title='bbox 286 867 437 896; x_wconf 79' lang='lat' dir='ltr'><strong>sublatam</strong></span> <span class='ocrx_word' id='word_1_154' title='bbox 462 867 545 903; x_wconf 80' lang='lat' dir='ltr'><strong>dicit,</strong></span> <span class='ocrx_word' id='word_1_155' title='bbox 567 877 622 906; x_wconf 89' lang='lat' dir='ltr'><strong>pro</strong></span> <span class='ocrx_word' id='word_1_156' title='bbox 637 867 719 897; x_wconf 67' lang='lat' dir='ltr'><strong>Sext⁴</strong></span> <span class='ocrx_word' id='word_1_157' title='bbox 737 867 758 896; x_wconf 89' lang='lat'><strong>1.</strong></span> <span class='ocrx_word' id='word_1_158' title='bbox 776 877 800 896; x_wconf 76' lang='lat' dir='ltr'><strong>c.</strong></span> <span class='ocrx_word' id='word_1_159' title='bbox 817 865 899 907; x_wconf 89' lang='lat' dir='ltr'><strong>quod</strong></span> <span class='ocrx_word' id='word_1_160' title='bbox 922 871 1024 896; x_wconf 85' lang='lat' dir='ltr'><strong>tamen</strong></span> 
     </span>
     <span class='ocr_line' id='line_1_20' title="bbox 135 907 1024 950; baseline 0.002 -14"><span class='ocrx_word' id='word_1_161' title='bbox 135 907 327 946; x_wconf 70' lang='lat' dir='ltr'><strong>Tunstallus‚</strong></span> <span class='ocrx_word' id='word_1_162' title='bbox 345 910 405 949; x_wconf 91' lang='lat' dir='ltr'><strong>Ep.</strong></span> <span class='ocrx_word' id='word_1_163' title='bbox 424 909 461 939; x_wconf 82' lang='lat' dir='ltr'><strong>ad</strong></span> <span class='ocrx_word' id='word_1_164' title='bbox 473 909 656 939; x_wconf 76' lang='lat' dir='ltr'><strong>Middleton.</strong></span> <span class='ocrx_word' id='word_1_165' title='bbox 672 920 702 950; x_wconf 92' lang='lat' dir='ltr'><strong>p.</strong></span> <span class='ocrx_word' id='word_1_166' title='bbox 720 910 773 946; x_wconf 85' lang='lat'><strong>68,</strong></span> <span class='ocrx_word' id='word_1_167' title='bbox 791 909 943 939; x_wconf 85' lang='lat' dir='ltr'><strong>existimat</strong></span> <span class='ocrx_word' id='word_1_168' title='bbox 957 914 1024 938; x_wconf 88' lang='lat' dir='ltr'><strong>tan·</strong></span> 
     </span>
     <span class='ocr_line' id='line_1_21' title="bbox 135 951 1025 993; baseline 0.001 -14"><span class='ocrx_word' id='word_1_169' title='bbox 135 956 203 980; x_wconf 88' lang='lat' dir='ltr'><strong>tum</strong></span> <span class='ocrx_word' id='word_1_170' title='bbox 220 951 399 991; x_wconf 81' lang='lat' dir='ltr'><strong>pertinuisse</strong></span> <span class='ocrx_word' id='word_1_171' title='bbox 415 962 460 989; x_wconf 80' lang='lat' dir='ltr'><strong>eo,</strong></span> <span class='ocrx_word' id='word_1_172' title='bbox 485 958 519 982; x_wconf 90' lang='lat' dir='ltr'><strong>ut</strong></span> <span class='ocrx_word' id='word_1_173' title='bbox 541 952 605 993; x_wconf 90' lang='lat' dir='ltr'><strong>ipse</strong></span> <span class='ocrx_word' id='word_1_174' title='bbox 621 953 656 982; x_wconf 60' lang='lat' dir='ltr'><strong>eii</strong></span> <span class='ocrx_word' id='word_1_175' title='bbox 671 953 737 992; x_wconf 86' lang='lat' dir='ltr'><strong>lege</strong></span> <span class='ocrx_word' id='word_1_176' title='bbox 752 952 870 981; x_wconf 85' lang='lat' dir='ltr'><strong>solutus</strong></span> <span class='ocrx_word' id='word_1_177' title='bbox 888 957 973 988; x_wconf 86' lang='lat' dir='ltr'><strong>esset,</strong></span> <span class='ocrx_word' id='word_1_178' title='bbox 990 956 1025 980; x_wconf 86' lang='lat' dir='ltr'><strong>ut</strong></span> 
     </span>
     <span class='ocr_line' id='line_1_22' title="bbox 135 993 1025 1032; baseline 0 -10"><span class='ocrx_word' id='word_1_179' title='bbox 135 993 250 1023; x_wconf 88' lang='lat' dir='ltr'><strong>factum</strong></span> <span class='ocrx_word' id='word_1_180' title='bbox 268 993 299 1023; x_wconf 91' lang='lat' dir='ltr'><strong>in</strong></span> <span class='ocrx_word' id='word_1_181' title='bbox 316 994 475 1030; x_wconf 84' lang='lat' dir='ltr'><strong>Lurcone;</strong></span> <span class='ocrx_word' id='word_1_182' title='bbox 500 995 537 1025; x_wconf 83' lang='lat' dir='ltr'><strong>ad</strong></span> <span class='ocrx_word' id='word_1_183' title='bbox 553 999 620 1024; x_wconf 79' lang='lat' dir='ltr'><strong>Att.</strong></span> <span class='ocrx_word' id='word_1_184' title='bbox 639 995 667 1032; x_wconf 76' lang='lat' dir='ltr'><strong>I,</strong></span> <span class='ocrx_word' id='word_1_185' title='bbox 684 995 731 1024; x_wconf 80' lang='lat'><strong>16.</strong></span> <span class='ocrx_word' id='word_1_186' title='bbox 754 994 829 1024; x_wconf 85' lang='lat' dir='ltr'><strong>Alia</strong></span> <span class='ocrx_word' id='word_1_187' title='bbox 842 993 902 1023; x_wconf 84' lang='lat' dir='ltr'><strong>fuit</strong></span> <span class='ocrx_word' id='word_1_188' title='bbox 917 994 952 1023; x_wconf 83' lang='lat' dir='ltr'><strong>de</strong></span> <span class='ocrx_word' id='word_1_189' title='bbox 967 994 1025 1023; x_wconf 81' lang='lat' dir='ltr'><em>col-</em></span> 
     </span>
     <span class='ocr_line' id='line_1_23' title="bbox 135 1035 1023 1077; baseline 0.002 -13"><span class='ocrx_word' id='word_1_190' title='bbox 135 1036 217 1075; x_wconf 78' lang='lat' dir='ltr'><strong>legiis</strong></span> <span class='ocrx_word' id='word_1_191' title='bbox 239 1038 319 1066; x_wconf 72' lang='lat' dir='ltr'><strong>noris</strong></span> <span class='ocrx_word' id='word_1_192' title='bbox 341 1039 533 1074; x_wconf 71' lang='lat' dir='ltr'><strong>instituendis,</strong></span> <span class='ocrx_word' id='word_1_193' title='bbox 552 1038 635 1077; x_wconf 78' lang='lat' dir='ltr'><strong>(quae</strong></span> <span class='ocrx_word' id='word_1_194' title='bbox 650 1036 759 1066; x_wconf 81' lang='lat' dir='ltr'><strong>deinde</strong></span> <span class='ocrx_word' id='word_1_195' title='bbox 776 1035 877 1067; x_wconf 87' lang='lat' dir='ltr'><strong>Caesar</strong></span> <span class='ocrx_word' id='word_1_196' title='bbox 892 1035 1023 1066; x_wconf 80' lang='lat' dir='ltr'><strong>sustulit.</strong></span> 
     </span>
     <span class='ocr_line' id='line_1_24' title="bbox 135 1079 1025 1121; baseline 0 -13"><span class='ocrx_word' id='word_1_197' title='bbox 135 1080 258 1109; x_wconf 80' lang='lat' dir='ltr'><strong>Sueton.</strong></span> <span class='ocrx_word' id='word_1_198' title='bbox 275 1089 300 1108; x_wconf 87' lang='lat' dir='ltr'><strong>c.</strong></span> <span class='ocrx_word' id='word_1_199' title='bbox 315 1081 381 1116; x_wconf 73' lang='lat'><strong>42.)</strong></span> <span class='ocrx_word' id='word_1_200' title='bbox 413 1079 555 1121; x_wconf 88' lang='lat' dir='ltr'><strong>Denique</strong></span> <span class='ocrx_word' id='word_1_201' title='bbox 570 1080 651 1117; x_wconf 77' lang='lat' dir='ltr'><strong>tulit,</strong></span> <span class='ocrx_word' id='word_1_202' title='bbox 669 1090 706 1109; x_wconf 81' lang='lat' dir='ltr'><strong>ne</strong></span> <span class='ocrx_word' id='word_1_203' title='bbox 720 1089 865 1116; x_wconf 77' lang='lat' dir='ltr'><strong>censores,</strong></span> <span class='ocrx_word' id='word_1_204' title='bbox 881 1080 909 1108; x_wconf 81' lang='lat' dir='ltr'><strong>in</strong></span> <span class='ocrx_word' id='word_1_205' title='bbox 924 1088 1025 1108; x_wconf 78' lang='lat' dir='ltr'><strong>senatu,</strong></span> 
     </span>
     <span class='ocr_line' id='line_1_25' title="bbox 135 1120 1026 1162; baseline 0.001 -12"><span class='ocrx_word' id='word_1_206' title='bbox 135 1120 262 1160; x_wconf 74' lang='lat' dir='ltr'><strong>legendo,</strong></span> <span class='ocrx_word' id='word_1_207' title='bbox 271 1123 467 1160; x_wconf 71' lang='lat' dir='ltr'><strong>proeterirent,</strong></span> <span class='ocrx_word' id='word_1_208' title='bbox 476 1125 530 1151; x_wconf 77' lang='lat' dir='ltr'><strong>nisi</strong></span> <span class='ocrx_word' id='word_1_209' title='bbox 542 1123 590 1162; x_wconf 77' lang='lat' dir='ltr'><strong>qui</strong></span> <span class='ocrx_word' id='word_1_210' title='bbox 602 1123 681 1161; x_wconf 77' lang='lat' dir='ltr'><strong>apud</strong></span> <span class='ocrx_word' id='word_1_211' title='bbox 692 1132 735 1151; x_wconf 77' lang='lat' dir='ltr'><strong>ens</strong></span> <span class='ocrx_word' id='word_1_212' title='bbox 750 1128 912 1156; x_wconf 79' lang='lat' dir='ltr'><strong>accusatus,</strong></span> <span class='ocrx_word' id='word_1_213' title='bbox 924 1127 949 1151; x_wconf 81' lang='lat' dir='ltr'><strong>et</strong></span> <span class='ocrx_word' id='word_1_214' title='bbox 959 1132 1026 1151; x_wconf 83' lang='lat' dir='ltr'><strong>cen-</strong></span> 
     </span>
     <span class='ocr_line' id='line_1_26' title="bbox 132 1165 1024 1204; baseline 0.003 -13"><span class='ocrx_word' id='word_1_215' title='bbox 132 1165 202 1193; x_wconf 77' lang='lat' dir='ltr'><strong>soris</strong></span> <span class='ocrx_word' id='word_1_216' title='bbox 231 1166 384 1203; x_wconf 77' lang='lat' dir='ltr'><strong>utriusque</strong></span> <span class='ocrx_word' id='word_1_217' title='bbox 408 1165 549 1195; x_wconf 61' lang='lat' dir='ltr'><strong>sententia</strong></span> <span class='ocrx_word' id='word_1_218' title='bbox 581 1166 789 1195; x_wconf 75' lang='lat' dir='ltr'><strong>condemnatus</strong></span> <span class='ocrx_word' id='word_1_219' title='bbox 812 1170 884 1194; x_wconf 82' lang='lat' dir='ltr'><strong>esset</strong></span> <span class='ocrx_word' id='word_1_220' title='bbox 895 1175 905 1192; x_wconf 86' lang='grc'><strong>.-</strong></span> <span class='ocrx_word' id='word_1_221' title='bbox 930 1174 1024 1204; x_wconf 87' lang='lat' dir='ltr'><strong>quam</strong></span> 
     </span>
     <span class='ocr_line' id='line_1_27' title="bbox 133 1206 1024 1248; baseline 0.002 -13"><span class='ocrx_word' id='word_1_222' title='bbox 133 1206 231 1246; x_wconf 86' lang='lat' dir='ltr'><strong>legem</strong></span> <span class='ocrx_word' id='word_1_223' title='bbox 244 1207 366 1237; x_wconf 82' lang='lat' dir='ltr'><strong>sustulit</strong></span> <span class='ocrx_word' id='word_1_224' title='bbox 378 1207 489 1247; x_wconf 73' lang='lat' dir='ltr'><strong>Scipio,</strong></span> <span class='ocrx_word' id='word_1_225' title='bbox 503 1207 641 1248; x_wconf 84' lang='lat' dir='ltr'><strong>Pompeii</strong></span> <span class='ocrx_word' id='word_1_226' title='bbox 651 1217 744 1245; x_wconf 83' lang='lat' dir='ltr'><strong>socer,</strong></span> <span class='ocrx_word' id='word_1_227' title='bbox 755 1213 789 1237; x_wconf 87' lang='lat' dir='ltr'><strong>ut</strong></span> <span class='ocrx_word' id='word_1_228' title='bbox 799 1212 884 1247; x_wconf 86' lang='lat' dir='ltr'><strong>patet</strong></span> <span class='ocrx_word' id='word_1_229' title='bbox 893 1216 909 1236; x_wconf 91' lang='lat' dir='ltr'><strong>e</strong></span> <span class='ocrx_word' id='word_1_230' title='bbox 923 1206 1024 1237; x_wconf 85' lang='lat' dir='ltr'><strong>Dione</strong></span> 
     </span>
     <span class='ocr_line' id='line_1_28' title="bbox 135 1248 1022 1280; baseline 0.002 -2"><span class='ocrx_word' id='word_1_231' title='bbox 135 1248 220 1278; x_wconf 78' lang='lat' dir='ltr'><strong>Cass.</strong></span> <span class='ocrx_word' id='word_1_232' title='bbox 235 1249 287 1279; x_wconf 85' lang='lat' dir='ltr'><strong>lib.</strong></span> <span class='ocrx_word' id='word_1_233' title='bbox 303 1251 353 1279; x_wconf 73' lang='lat'><strong>40.</strong></span> <span class='ocrx_word' id='word_1_234' title='bbox 378 1250 449 1280; x_wconf 82' lang='lat' dir='ltr'><strong>vid.</strong></span> <span class='ocrx_word' id='word_1_235' title='bbox 460 1251 491 1280; x_wconf 87' lang='lat' dir='ltr'><strong>in</strong></span> <span class='ocrx_word' id='word_1_236' title='bbox 506 1251 606 1280; x_wconf 88' lang='lat' dir='ltr'><strong>Pison.</strong></span> <span class='ocrx_word' id='word_1_237' title='bbox 623 1260 647 1280; x_wconf 55' lang='lat' dir='ltr'><strong>c„</strong></span> <span class='ocrx_word' id='word_1_238' title='bbox 659 1251 687 1279; x_wconf 76' lang='lat'><strong>4.</strong></span> <span class='ocrx_word' id='word_1_239' title='bbox 705 1257 734 1280; x_wconf 86' lang='lat' dir='ltr'><strong>et</strong></span> <span class='ocrx_word' id='word_1_240' title='bbox 746 1250 788 1280; x_wconf 87' lang='lat' dir='ltr'><strong>ibi</strong></span> <span class='ocrx_word' id='word_1_241' title='bbox 799 1250 916 1279; x_wconf 86' lang='lat' dir='ltr'><strong>Ascon.</strong></span> <span class='ocrx_word' id='word_1_242' title='bbox 933 1249 1022 1280; x_wconf 82' lang='lat' dir='ltr'><strong>Orat.</strong></span> 
     </span>
     <span class='ocr_line' id='line_1_29' title="bbox 135 1291 914 1333; baseline 0.001 -13"><span class='ocrx_word' id='word_1_243' title='bbox 135 1291 195 1321; x_wconf 93' lang='lat' dir='ltr'><strong>Pro</strong></span> <span class='ocrx_word' id='word_1_244' title='bbox 212 1291 324 1328; x_wconf 63' lang='lat' dir='ltr'><strong>Domo,</strong></span> <span class='ocrx_word' id='word_1_245' title='bbox 341 1292 378 1322; x_wconf 88' lang='lat' dir='ltr'><strong>de</strong></span> <span class='ocrx_word' id='word_1_246' title='bbox 395 1293 470 1322; x_wconf 87' lang='lat' dir='ltr'><strong>Har.</strong></span> <span class='ocrx_word' id='word_1_247' title='bbox 490 1294 581 1333; x_wconf 87' lang='lat' dir='ltr'><strong>Resp.</strong></span> <span class='ocrx_word' id='word_1_248' title='bbox 600 1303 655 1333; x_wconf 92' lang='lat' dir='ltr'><strong>pro</strong></span> <span class='ocrx_word' id='word_1_249' title='bbox 671 1293 774 1323; x_wconf 80' lang='lat' dir='ltr'><strong>Sextio</strong></span> <span class='ocrx_word' id='word_1_250' title='bbox 789 1292 914 1332; x_wconf 87' lang='lat' dir='ltr'><strong>passim.</strong></span> 
     </span>
     <span class='ocr_line' id='line_1_30' title="bbox 178 1334 1024 1374; baseline 0.001 -11"><span class='ocrx_word' id='word_1_251' title='bbox 178 1334 275 1363; x_wconf 67' lang='lat' dir='ltr'><strong>Coctia</strong></span> <span class='ocrx_word' id='word_1_252' title='bbox 286 1340 329 1364; x_wconf 75' lang='lat' dir='ltr'><strong>est</strong></span> <span class='ocrx_word' id='word_1_253' title='bbox 348 1336 385 1364; x_wconf 85' lang='lat' dir='ltr'><strong>L.</strong></span> <span class='ocrx_word' id='word_1_254' title='bbox 401 1336 517 1365; x_wconf 76' lang='lat' dir='ltr'><strong>Aurelii</strong></span> <span class='ocrx_word' id='word_1_255' title='bbox 535 1337 630 1366; x_wconf 79' lang='lat' dir='ltr'><em>Cvttoe</em></span> <span class='ocrx_word' id='word_1_256' title='bbox 642 1335 810 1374; x_wconf 84' lang='lat' dir='ltr'><strong>judiciaria.</strong></span> <span class='ocrx_word' id='word_1_257' title='bbox 825 1334 864 1364; x_wconf 89' lang='lat' dir='ltr'><strong>ad</strong></span> <span class='ocrx_word' id='word_1_258' title='bbox 877 1334 946 1364; x_wconf 83' lang='lat' dir='ltr'><strong>Att.</strong></span> <span class='ocrx_word' id='word_1_259' title='bbox 962 1334 1024 1371; x_wconf 84' lang='lat' dir='ltr'><strong>IV,</strong></span> 
     </span>
     <span class='ocr_line' id='line_1_31' title="bbox 136 1376 1025 1418; baseline 0.001 -12"><span class='ocrx_word' id='word_1_260' title='bbox 136 1377 185 1406; x_wconf 84' lang='lat'><strong>16.</strong></span> <span class='ocrx_word' id='word_1_261' title='bbox 202 1376 241 1405; x_wconf 94' lang='lat' dir='ltr'><strong>V.</strong></span> <span class='ocrx_word' id='word_1_262' title='bbox 258 1378 392 1407; x_wconf 73' lang='lat' dir='ltr'><strong>Aurelia.</strong></span> <span class='ocrx_word' id='word_1_263' title='bbox 417 1378 528 1418; x_wconf 85' lang='lat' dir='ltr'><strong>Neque</strong></span> <span class='ocrx_word' id='word_1_264' title='bbox 543 1388 612 1408; x_wconf 88' lang='lat' dir='ltr'><strong>vero</strong></span> <span class='ocrx_word' id='word_1_265' title='bbox 629 1383 701 1414; x_wconf 80' lang='lat' dir='ltr'><strong>erat,</strong></span> <span class='ocrx_word' id='word_1_266' title='bbox 715 1387 808 1418; x_wconf 83' lang='lat' dir='ltr'><strong>quare</strong></span> <span class='ocrx_word' id='word_1_267' title='bbox 820 1377 1025 1418; x_wconf 80' lang='lat' dir='ltr'><strong>Malaspinae·</strong></span> 
     </span>
     <span class='ocr_line' id='line_1_32' title="bbox 132 1419 1025 1461; baseline 0.002 -13"><span class='ocrx_word' id='word_1_268' title='bbox 132 1429 167 1449; x_wconf 91' lang='lat' dir='ltr'><strong>us</strong></span> <span class='ocrx_word' id='word_1_269' title='bbox 182 1419 343 1455; x_wconf 76' lang='lat' dir='ltr'><strong>dubitaret,</strong></span> <span class='ocrx_word' id='word_1_270' title='bbox 354 1431 371 1450; x_wconf 85' lang='lat' dir='ltr'>a</span> <span class='ocrx_word' id='word_1_271' title='bbox 385 1419 464 1450; x_wconf 69' lang='lat' dir='ltr'><strong>Conci</strong></span> <span class='ocrx_word' id='word_1_272' title='bbox 480 1431 564 1461; x_wconf 83' lang='lat' dir='ltr'><strong>posse</strong></span> <span class='ocrx_word' id='word_1_273' title='bbox 577 1420 703 1450; x_wconf 62' lang='lat' dir='ltr'><strong>Coelium</strong></span> <span class='ocrx_word' id='word_1_274' title='bbox 717 1420 791 1449; x_wconf 88' lang='lat' dir='ltr'><strong>fieri.</strong></span> <span class='ocrx_word' id='word_1_275' title='bbox 816 1419 901 1449; x_wconf 84' lang='lat' dir='ltr'><strong>Nam</strong></span> <span class='ocrx_word' id='word_1_276' title='bbox 914 1420 1025 1450; x_wconf 89' lang='lat' dir='ltr'><strong>eodem</strong></span> 
     </span>
     <span class='ocr_line' id='line_1_33' title="bbox 131 1461 1026 1503; baseline -0.003 -12"><span class='ocrx_word' id='word_1_277' title='bbox 131 1461 221 1492; x_wconf 91' lang='lat' dir='ltr'><strong>modo</strong></span> <span class='ocrx_word' id='word_1_278' title='bbox 234 1472 251 1491; x_wconf 84' lang='lat' dir='ltr'>a</span> <span class='ocrx_word' id='word_1_279' title='bbox 266 1463 369 1502; x_wconf 85' lang='lat' dir='ltr'><strong>regulo</strong></span> <span class='ocrx_word' id='word_1_280' title='bbox 378 1463 478 1493; x_wconf 85' lang='lat' dir='ltr'><strong>Cottio</strong></span> <span class='ocrx_word' id='word_1_281' title='bbox 494 1464 623 1503; x_wconf 77' lang='lat' dir='ltr'><strong>Alpium</strong></span> <span class='ocrx_word' id='word_1_282' title='bbox 637 1473 705 1502; x_wconf 84' lang='lat' dir='ltr'><strong>pars</strong></span> <span class='ocrx_word' id='word_1_283' title='bbox 721 1462 832 1492; x_wconf 85' lang='lat' dir='ltr'><strong>dieitur</strong></span> <span class='ocrx_word' id='word_1_284' title='bbox 845 1462 937 1496; x_wconf 68' lang='lat' dir='ltr'><strong>Alpes</strong></span> <span class='ocrx_word' id='word_1_285' title='bbox 956 1463 1026 1491; x_wconf 77' lang='lat' dir='ltr'><em>Co!-</em></span> 
     </span>
     <span class='ocr_line' id='line_1_34' title="bbox 130 1504 1025 1545; baseline 0.003 -13"><span class='ocrx_word' id='word_1_286' title='bbox 130 1505 217 1533; x_wconf 78' lang='lat' dir='ltr'><strong>tianoe</strong></span> <span class='ocrx_word' id='word_1_287' title='bbox 233 1511 259 1534; x_wconf 81' lang='grc' dir='ltr'><strong>εί</strong></span> <span class='ocrx_word' id='word_1_288' title='bbox 277 1505 424 1535; x_wconf 48' lang='lat' dir='ltr'><strong>Coi-tianae</strong></span> <span class='ocrx_word' id='word_1_289' title='bbox 440 1516 488 1545; x_wconf 83' lang='lat' dir='ltr'><strong>ap.</strong></span> <span class='ocrx_word' id='word_1_290' title='bbox 506 1506 579 1535; x_wconf 76' lang='lat' dir='ltr'><strong>Tac.</strong></span> <span class='ocrx_word' id='word_1_291' title='bbox 601 1505 681 1535; x_wconf 80' lang='lat' dir='ltr'><strong>Hist.</strong></span> <span class='ocrx_word' id='word_1_292' title='bbox 697 1505 757 1542; x_wconf 76' lang='lat' dir='ltr'><strong>IV,</strong></span> <span class='ocrx_word' id='word_1_293' title='bbox 775 1505 825 1534; x_wconf 80' lang='grc'><strong>68.</strong></span> <span class='ocrx_word' id='word_1_294' title='bbox 849 1504 938 1534; x_wconf 83' lang='lat' dir='ltr'><strong>Add.</strong></span> <span class='ocrx_word' id='word_1_295' title='bbox 956 1505 1025 1535; x_wconf 82' lang='lat' dir='ltr'><strong>Va-</strong></span> 
     </span>
     <span class='ocr_line' id='line_1_35' title="bbox 131 1547 1022 1583; baseline 0.002 -7"><span class='ocrx_word' id='word_1_296' title='bbox 131 1547 190 1576; x_wconf 76' lang='lat' dir='ltr'><strong>rias</strong></span> <span class='ocrx_word' id='word_1_297' title='bbox 204 1547 286 1579; x_wconf 78' lang='lat' dir='ltr'><strong>Lect.</strong></span> <span class='ocrx_word' id='word_1_298' title='bbox 302 1548 332 1576; x_wconf 86' lang='lat' dir='ltr'><strong>in</strong></span> <span class='ocrx_word' id='word_1_299' title='bbox 349 1549 470 1578; x_wconf 81' lang='lat' dir='ltr'><strong>Sueton.</strong></span> <span class='ocrx_word' id='word_1_300' title='bbox 484 1549 556 1578; x_wconf 79' lang='lat' dir='ltr'><strong>Ner.</strong></span> <span class='ocrx_word' id='word_1_301' title='bbox 572 1549 617 1577; x_wconf 79' lang='lat'><strong>18.</strong></span> <span class='ocrx_word' id='word_1_302' title='bbox 644 1547 709 1577; x_wconf 79' lang='lat' dir='ltr'><strong>Liv.</strong></span> <span class='ocrx_word' id='word_1_303' title='bbox 726 1547 857 1583; x_wconf 79' lang='lat' dir='ltr'>XXIX,</span> <span class='ocrx_word' id='word_1_304' title='bbox 875 1548 925 1576; x_wconf 89' lang='grc'><strong>38.</strong></span> <span class='ocrx_word' id='word_1_305' title='bbox 955 1547 1022 1578; x_wconf 90' lang='lat' dir='ltr'><strong>Cic.</strong></span> 
     </span>
     <span class='ocr_line' id='line_1_36' title="bbox 131 1589 1026 1630; baseline 0.002 -11"><span class='ocrx_word' id='word_1_306' title='bbox 131 1589 193 1619; x_wconf 83' lang='lat' dir='ltr'><strong>Off.</strong></span> <span class='ocrx_word' id='word_1_307' title='bbox 209 1590 255 1626; x_wconf 81' lang='grc' dir='ltr'><strong>ΙΙ,</strong></span> <span class='ocrx_word' id='word_1_308' title='bbox 275 1591 322 1624; x_wconf 85' lang='grc'><strong>17.</strong></span> <span class='ocrx_word' id='word_1_309' title='bbox 346 1590 404 1620; x_wconf 84' lang='lat' dir='ltr'><strong>Sed</strong></span> <span class='ocrx_word' id='word_1_310' title='bbox 420 1590 596 1620; x_wconf 75' lang='lat' dir='ltr'><strong>inusitatum</strong></span> <span class='ocrx_word' id='word_1_311' title='bbox 612 1591 679 1627; x_wconf 77' lang='lat' dir='ltr'>hoc,</span> <span class='ocrx_word' id='word_1_312' title='bbox 703 1589 785 1630; x_wconf 90' lang='lat' dir='ltr'><strong>quod</strong></span> <span class='ocrx_word' id='word_1_313' title='bbox 803 1600 820 1619; x_wconf 86' lang='lat' dir='ltr'>a</span> <span class='ocrx_word' id='word_1_314' title='bbox 835 1589 1026 1629; x_wconf 87' lang='lat' dir='ltr'><strong>cognomine</strong></span> 
     </span>
     <span class='ocr_line' id='line_1_37' title="bbox 129 1631 1024 1673; baseline 0.001 -12"><span class='ocrx_word' id='word_1_315' title='bbox 129 1632 203 1672; x_wconf 80' lang='lat' dir='ltr'><strong>legis</strong></span> <span class='ocrx_word' id='word_1_316' title='bbox 219 1641 328 1662; x_wconf 87' lang='lat' dir='ltr'><strong>nomen</strong></span> <span class='ocrx_word' id='word_1_317' title='bbox 340 1632 479 1669; x_wconf 78' lang='lat' dir='ltr'><strong>ducitur3</strong></span> <span class='ocrx_word' id='word_1_318' title='bbox 496 1643 683 1673; x_wconf 84' lang='lat' dir='ltr'><strong>quamquam</strong></span> <span class='ocrx_word' id='word_1_319' title='bbox 698 1632 788 1662; x_wconf 85' lang='lat' dir='ltr'><strong>etiam</strong></span> <span class='ocrx_word' id='word_1_320' title='bbox 805 1631 957 1662; x_wconf 78' lang='lat' dir='ltr'><strong>Asmnius</strong></span> <span class='ocrx_word' id='word_1_321' title='bbox 979 1632 1024 1662; x_wconf 87' lang='lat' dir='ltr'><strong>le-</strong></span> 
     </span>
     <span class='ocr_line' id='line_1_38' title="bbox 128 1675 1023 1715; baseline 0 -9"><span class='ocrx_word' id='word_1_322' title='bbox 128 1685 199 1714; x_wconf 86' lang='lat' dir='ltr'><strong>gem</strong></span> <span class='ocrx_word' id='word_1_323' title='bbox 214 1676 380 1706; x_wconf 75' lang='lat' dir='ltr'><strong>Serviliam</strong></span> <span class='ocrx_word' id='word_1_324' title='bbox 403 1675 440 1706; x_wconf 87' lang='lat' dir='ltr'><strong>de</strong></span> <span class='ocrx_word' id='word_1_325' title='bbox 465 1675 637 1715; x_wconf 84' lang='lat' dir='ltr'><strong>repetundis</strong></span> <span class='ocrx_word' id='word_1_326' title='bbox 662 1681 746 1705; x_wconf 87' lang='lat' dir='ltr'>vocat</span> <span class='ocrx_word' id='word_1_327' title='bbox 766 1675 945 1712; x_wconf 73' lang='lat' dir='ltr'><strong>Glauciam,</strong></span> <span class='ocrx_word' id='word_1_328' title='bbox 984 1675 1023 1706; x_wconf 82' lang='lat' dir='ltr'><strong>ad</strong></span> 
     </span>
    </p>
   </div>
  </div>
 </body>
</html>
