1122 1868
94 49 158 79 310
303 48 453 81 INDEX
477 47 765 81 HISTORICUS.

93 134 252 175 Torquato
267 144 348 165 cons.
359 135 428 166 fuit.
452 135 542 166 Pater
553 136 659 167 consul
669 135 729 167 fuit
739 144 811 166 cum
825 133 866 165 T.
874 133 981 164 Annio

92 178 136 207 A.
157 179 231 208 625.
255 188 309 218 pro
338 179 440 209 Plane.
457 183 509 210 21.
535 179 695 209 aediliciam
718 178 874 218 repulsam
898 177 979 207 tulit.

94 220 184 250 Brut.
201 222 252 256 47.
268 221 300 250 in
315 222 484 259 consulatu,
500 222 543 251 A.
559 223 633 260 667,
653 232 684 252 se
699 221 890 261 eloquentem
905 230 983 260 prze-

96 263 182 293 stitit.
200 264 337 305 Harusp.
354 265 395 294 R.
417 267 468 295 25.
489 275 559 295 cum
576 264 678 296 Cinna
699 264 813 303 collega
834 262 983 293 dissentit.

95 305 186 336 Catil.
212 305 277 345 111,
309 311 354 338 [Ο.
381 307 512 338 Cinnam
535 308 683 348 collegam
709 317 747 337 ex
774 307 858 336 Urbe
888 305 978 344 ejicit.

97 348 192 379 Tusc.
208 350 252 387 V,
272 352 319 380 19.
336 357 426 391 caput
441 350 613 391 praeciditur
626 352 713 389 jussu
729 349 836 379 Cinnae
846 349 978 388 collegae.

90 391 145 421 Ab
160 392 216 422 hoc
240 394 262 410 “
279 392 484 424 Octavianum
500 394 638 424 belluns'
662 392 782 430 dicitur,
805 391 879 422 Div.
896 391 925 430 Ι,
943 394 974 421 ¹2.

96 434 170 464 Nat.
187 435 228 465 D.
246 434 292 473 ΙΙ,
309 438 337 466 5.
353 437 408 467 &c.

90 496 93 498 -
137 479 194 508 Cu.
213 479 357 514 Octavius,
381 480 444 517 Qu.
463 479 514 509 Fr.
532 478 559 516 I,
586 482 611 509 l.
634 481 663 509 7.
687 478 804 516 Quinto
827 477 913 507 fratri
936 476 975 506 ad

90 520 274 551 imitandum
295 523 493 562 proponitur:
518 521 670 562 quomodo
692 521 809 551 lictores
825 526 854 550 et
876 529 981 550 accen-

91 573 140 593 sos
163 565 336 601 coercuerit,
360 575 430 595 cum
457 564 672 594 Macedoniam
692 570 817 602 regeret,
843 573 880 593 ex
903 573 982 603 prae-

92 604 169 636 tura.
195 607 227 636 it.
250 618 297 647 ep.
321 610 352 637 2.
375 610 403 636 9.
423 614 545 637 vocatur
568 606 684 636 vicinus
707 605 869 636 Ciceronis.
893 604 978 635 Add.

92 647 160 679 Att.
178 650 226 686 ΙΙ,
252 651 278 679 l.
302 650 439 680 Suetonii
455 649 569 680 codices
588 649 679 679 multi
694 648 726 678 in
742 650 893 689 Augusto,
913 658 979 688 cap.

90 692 122 721 3.
138 692 292 732 appellant
311 694 430 730 Caium,
445 692 526 734 quod
535 701 709 732 praenomen
722 692 812 721 etiam
827 690 981 730 inscriptio

92 735 216 765 exhibet
241 746 289 774 ap.
318 736 439 765 Gruter.
467 746 497 775 p.
528 738 601 766 225.
628 745 646 764 a
672 734 781 773 Pighio
801 734 840 764 ad
862 743 978 763 annum

89 778 153 807 694
179 778 281 815 allata,
305 778 336 807 in
361 778 423 818 qua
446 777 555 808 dicitur
578 778 614 807 C.
631 777 666 807 F.
694 776 730 808 C.
754 777 796 807 N.
821 777 857 807 C.
885 777 977 806 Pron.

94 828 181 860 pater
202 821 349 860 Augusti.
374 821 507 862 Nempe,
524 827 557 850 ut
572 820 683 862 posteri
698 821 761 859 ejus
777 819 909 855 Octavii,
926 817 985 859 qui*

90 863 208 903 primus
224 863 328 893 consul
343 863 412 898 fuit,
431 865 516 894 Cnaei
531 864 613 901 dicti,
627 863 678 900 sic.
696 863 749 903 qui
763 873 782 892 a
796 862 887 893 fratre
903 861 979 892 Caio

90 906 149 936 orti
157 912 238 942 sunt,
248 907 303 937 Cui
307 908 315 935 i
323 907 467 947 appellati
477 906 626 944 videntur,
635 912 670 936 ut
679 906 843 936 discernere
848 904 980 935 familias

92 948 125 978 in
140 955 263 990 promtu
276 955 359 979 esset.
383 950 438 986 Et,
450 956 485 980 ut
498 949 655 979 Drakenb.
668 960 716 989 ap.
731 948 798 978 Liv.
810 945 978 984 XXXIII,

92 995 146 1028 23,
162 1002 217 1032 pro
244 993 279 1022 C.
299 993 449 1030 Octavius,
471 993 589 1033 reponit
610 994 730 1025 Cncens..
749 991 831 1031 quod
851 991 876 1020 is
890 990 949 1020 fuit
965 1000 982 1020 e

90 1035 208 1064 familia
218 1035 367 1065 consulari
380 1046 389 1070 ς
407 1035 458 1071 sic,
469 1035 501 1065 in
516 1036 572 1065 hoc
587 1041 698 1072 nostro,
715 1036 801 1064 Caius
813 1033 978 1064 rescriben-

91 1077 168 1107 dum
189 1077 317 1114 videtur,
340 1078 412 1118 quia
434 1088 471 1108 ex
492 1077 621 1118 equestri
645 1077 762 1107 familia
787 1077 856 1114 fuit,
878 1086 947 1116 quae
961 1086 980 1105 a

91 1120 177 1158 Caio,
200 1120 287 1151 Cneii
309 1121 438 1151 consulis
464 1121 555 1161 primi
581 1121 684 1156 fratre,
701 1120 847 1160 originem
864 1124 979 1159 repete-

94 1164 155 1194 bat.
180 1162 231 1193 De
245 1164 308 1194 tota
322 1164 440 1193 familia
455 1163 514 1193 vid.
531 1164 654 1194 Sueton.
670 1163 691 1192 1.
707 1173 732 1192 c.

137 1207 195 1237 Cn.
213 1207 286 1236 Octa
293 1208 365 1243 vius,
382 1207 420 1237 ad
436 1206 508 1237 Div.
522 1205 601 1245 VII,
615 1208 643 1237 9.
661 1211 690 1236 et
708 1206 757 1235 16.
769 1205 862 1235 homo
874 1205 982 1234 obseu-

94 1259 157 1285 rus,
174 1249 331 1280 familiaris
347 1249 493 1280 Trebatii.

138 1294 178 1322 L.
197 1292 346 1330 Octavius,
371 1292 429 1322 Cn.
452 1292 488 1322 F.
505 1292 563 1323 Cn.
586 1291 629 1321 N.
654 1291 742 1322 Verr.
761 1289 805 1325 II,
827 1292 878 1321 50.
902 1289 985 1321 Con-

91 1335 150 1365 sul.
166 1333 207 1364 A.
225 1336 299 1372 678,
316 1346 386 1365 cum
404 1336 441 1366 C.
457 1335 586 1365 Aurelio
603 1334 703 1365 Cotta.
727 1335 780 1364 Ab
796 1334 853 1364 hoc
868 1343 980 1363 nomen

90 1378 182 1407 habet
197 1377 328 1408 formula
340 1378 519 1415 Octaviam,
533 1378 605 1419 quia
617 1387 684 1408 eam
696 1377 845 1407 actionem
860 1376 892 1406 in
903 1387 983 1417 prae-

94 1419 161 1450 tura
176 1420 308 1450 dederat.
325 1421 413 1451 Verr.
432 1420 492 1459 IV,
510 1422 560 1450 65.

138 1462 176 1492 L.
194 1463 329 1494 Octauius
344 1465 472 1502 Balbus,
490 1464 578 1495 Verr.
595 1463 663 1501 111,
685 1467 734 1494 12.
747 1463 824 1503 juris
838 1462 983 1504 peritissi-

95 1515 177 1536 mus.

139 1548 175 1577 L.
193 1548 328 1579 Octavius
344 1549 458 1589 Ligur,
484 1549 532 1580 M.
549 1550 651 1588 frater,
673 1549 762 1580 Verr.
780 1547 827 1588 II,
844 1549 894 1578 48.
912 1548 980 1578 trib.

90 1591 133 1632 pl.
150 1601 221 1621 cum
236 1591 338 1630 fratre⁷
354 1594 398 1622 A.
415 1594 486 1628 672.

141 1633 178 1663 L.
197 1634 334 1664 Octavius
354 1636 446 1671 Nemo,
470 1635 509 1665 ad
524 1635 566 1673 Q.
579 1635 630 1665 Fr.
651 1633 679 1672 Ι,
696 1638 726 1665 2.
741 1638 770 1665 3.

135 1676 172 1706 L.
187 1677 332 1714 Octavius,
351 1678 509 1708 Reatinus.
523 1679 575 1708 ΒΥ.
589 1681 640 1709 68.
653 1678 754 1708 audax
768 1678 866 1719 magis
881 1687 976 1719 quam

88 1725 211 1760 paratus
224 1719 256 1750 in
272 1720 410 1758 dicendo,
427 1721 599 1752 adolescens
613 1726 753 1752 mortuus
768 1728 821 1751 est.
