1122 1868
102 49 165 78 204
316 49 463 80 INDEX
488 48 774 81 HISTORICUS.

149 134 249 170 caleo„
266 134 303 165 ad
320 135 390 164 Div.
411 135 452 172 X,
470 136 520 165 3-1.
546 136 613 166 trib.
637 135 702 166 mil.
728 136 759 165 in
780 135 911 166 exercitu
929 134 989 166 Le-

104 176 180 217 pidi,
198 177 250 217 qui
267 180 304 208 ab
322 178 455 208 Antonio
474 178 512 207 ad
528 189 596 208 eum
619 178 786 215 transierat,
802 188 872 208 cum
887 184 957 208 ante
972 189 990 208 a

105 220 234 258 Lepido,
257 227 359 250 contra
374 222 437 259 ejus
453 221 650 257 voluntatem,
667 221 705 251 ad
720 221 894 251 Antonium
910 222 991 251 isset.

107 262 187 292 Add.
205 263 259 293 inf.
282 264 316 298 Q.
340 265 491 293 Terentius*
508 265 604 293 Culev.

152 307 310 341 Callemus.
321 307 359 336 ad
373 306 442 336 Div.
458 306 555 342 XIII,
569 310 619 338 41.
634 306 747 347 Illyrici
758 311 828 336 ante
840 305 990 337 Caesarem

106 354 216 388 przetor
231 349 321 379 fuisse
337 350 462 379 videtur.

156 392 313 429 Callemus,
338 392 401 422 Att.
419 391 479 429 VI,
498 393 527 422 3.
548 393 640 422 homo
655 392 722 422 vilis
744 392 776 424 h.
793 392 814 421 1.
831 391 993 433 significari

110 433 238 464 videtur.

154 478 278 514 Cupido.
302 478 374 508 Nat.
390 478 429 507 D.
448 477 512 513 ΙΙΙ,
524 481 575 507 23.
592 478 757 518 Cupidines
772 477 883 518 plures.

156 521 193 549 L.
212 521 374 559 Carsidius,
393 521 456 551 Att.
482 520 581 557 XIII,
599 522 650 551 44.
677 520 746 551 Hoc
761 530 870 550 nomen
886 531 923 551 ex
939 520 994 550 Li-

109 562 234 603 gariana
246 564 371 601 tollitur,
382 563 499 593 monitu
516 563 619 594 Attici.

157 607 292 641 erz'atui,
310 605 376 637 Inv.
394 607 442 644 11,
459 609 510 636 26.
527 613 585 636 tres
606 606 722 644 fratres,
738 605 776 635 de
791 605 902 646 quibus
926 606 996 637 Liv.

114 648 142 686 Ι,
160 649 212 678 24.
229 660 310 689 seqq.

157 693 187 721 C.
204 693 366 729 Caruilius,
381 693 455 733 Leg.
477 692 541 730 ΙΙΙ,
560 695 590 723 9.
610 692 679 722 trib.
701 693 742 733 pl.
759 691 894 733 quinque
909 692 996 722 annis

112 739 182 763 ante
206 735 256 764 Ti.
283 735 411 765 Gracchi
426 736 616 766 tribunatum
631 735 777 776 primum⁷
794 735 941 773 eonsules,
958 735 996 765 P.

115 777 260 807 Nasicam
276 783 305 807 et
321 777 360 807 D.
372 779 518 815 Brutum,
534 779 566 808 in
582 778 701 808 vincula
711 778 845 816 conjecit.

161 821 195 849 C.
215 821 315 856 curia,
339 831 423 857 avus,
446 822 499 851 Br.
522 822 572 851 32.
593 822 657 859 ejus
672 820 827 851 orationes.
852 820 999 852 Consula-

116 869 183 893 tum
199 873 259 892 non
275 863 401 904 adeptus
416 870 468 893 est.
493 864 609 894 Praetor
620 864 688 901 fuit,
706 864 746 893 A.
760 863 800 893 U.
817 864 889 894 632.

163 907 198 936 C.
215 906 382 936 Scribonius
400 908 503 943 Cur-iu,
519 912 612 948 pater.
630 907 718 937 Brut.
737 909 787 936 16.
812 906 926 937 Consul
937 905 996 937 fuit

116 959 187 978 cum
204 949 260 979 Cn.
280 949 408 979 Octavio
423 950 464 979 A.
479 950 519 980 U.
540 951 611 984 677.
627 950 706 980 Rab.
720 950 749 984 7.
762 949 793 979 in
804 949 883 980 caede
893 950 998 979 Satur-

117 991 182 1020 nini
198 997 241 1021 est
261 1002 331 1022 cum
350 993 533 1023 consulibus.
568 992 679 1022 Manil.
705 994 756 1022 23.
779 992 840 1032 legi
861 991 1000 1022 Maniliae

117 1034 210 1064 favet.
231 1034 269 1064 ad
294 1034 365 1064 Div.
384 1035 412 1071 1,
434 1037 464 1065 4.
485 1036 530 1066 vir
553 1035 726 1065 consularis.
761 1035 862 1065 Pison.
892 1038 939 1066 19.
963 1035 1002 1065 de

119 1076 272 1107 Dardanis
295 1077 463 1118 triumphat
478 1089 494 1108 e
510 1077 692 1108 Macedonia
715 1088 858 1108 reversus.
882 1077 937 1108 Or.
955 1076 1002 1116 11,

117 1121 169 1149 ⁶23.
186 1121 293 1151 Cossos
308 1120 413 1151 fratres
428 1121 562 1151 defendit
577 1126 679 1151 contra
691 1120 739 1150 Μ.
751 1120 921 1150 Antonium
937 1131 1004 1151 ora-

119 1169 225 1193 torem.
250 1163 314 1193 Att.
329 1162 357 1200 Ι,
379 1166 425 1194 14.
443 1164 478 1193 Ρ.
490 1163 632 1194 Clodium
644 1163 676 1192 in
687 1169 791 1193 senatu
804 1164 910 1202 juvare
924 1163 1004 1194 frus-

119 1211 165 1235 tra
181 1205 288 1236 studet.
324 1206 401 1236 Har.
419 1206 512 1247 Resp.
528 1207 557 1236 6.
575 1205 727 1236 Pontifex.
748 1205 787 1235 ad
809 1205 881 1236 Div.
904 1205 1002 1243 VIII,

122 1251 170 1277 11.
188 1255 278 1289 negat
301 1259 333 1279 se
358 1249 588 1289 permissurum,
610 1254 645 1279 ut
667 1248 804 1278 Ciceroni
824 1249 1004 1290 supplicatio

119 1292 305 1322 decernatur.
329 1292 400 1322 Vat.
422 1295 468 1322 10.
483 1292 644 1322 laudatur:
669 1291 696 1322 ei
710 1291 868 1321 insidiatur
883 1291 1004 1322 Vatini-

120 1345 164 1363 us.
182 1334 238 1364 Or.
266 1337 318 1365 32.
342 1335 431 1365 Brut.
458 1336 508 1365 60.
530 1334 678 1365 memori&
700 1334 873 1364 destituitur
892 1334 1002 1365 subito.

120 1376 184 1406 Off.
203 1377 249 1414 ΙΙ,
276 1380 323 1408 17.
339 1378 457 1407 dicebat
472 1388 502 1408 se
516 1377 628 1413 omnia,
652 1387 721 1417 quae
742 1377 924 1407 haberentur
938 1387 1006 1407 am-

119 1419 266 1459 plissima,
283 1421 347 1450 sine
362 1420 426 1450 ullo
441 1431 565 1450 munere
579 1420 723 1460 adeptum
736 1429 808 1449 esse.
817 1419 856 1449 ad
868 1419 940 1450 Div.
957 1419 1004 1457 ΙΙ,

123 1465 152 1491 22.
169 1462 296 1492 moritur
320 1463 448 1493 Calvino
474 1469 504 1493 et
524 1461 657 1493 Messala
680 1472 752 1493 coss.
769 1462 801 1491 in
816 1462 904 1492 Vei-r.
930 1461 958 1500 Ι,
975 1463 1006 1498 7.

123 1504 216 1534 Corn.
236 1504 260 1534 Ι.
284 1506 337 1535 131.
355 1507 406 1535 49.
425 1507 476 1536 60.
492 1506 523 1536 in
539 1506 623 1536 libris
639 1505 740 1543 etiam,
762 1515 830 1545 quae
845 1505 934 1544 dixit,
950 1507 1004 1536 ob-

121 1547 276 1576 liviscitur.

169 1590 204 1619 C.
221 1591 324 1626 Curia,
342 1590 376 1620 C.
388 1591 430 1620 fil.
442 1591 479 1621 ad
491 1602 583 1632 quem
596 1596 666 1621 sunt
682 1591 814 1632 epistolae
829 1590 898 1621 libri
914 1589 949 1620 II
963 1590 1003 1621 ad

121 1631 193 1661 Div.
212 1632 249 1661 ad
264 1632 333 1662 Div.
351 1633 449 1672 VIII,
467 1637 496 1663 4.
507 1635 695 1664 tribunatum
711 1634 795 1674 petit.
819 1633 896 1672 Ejus
911 1633 1007 1663 facili-

121 1681 214 1704 tatem
230 1674 367 1706 homines
379 1683 529 1707 metuunt.
552 1677 637 1706 Eum
654 1676 756 1708 Caesar
771 1676 857 1706 valde
872 1682 1006 1706 contem-

122 1717 177 1747 nit.
194 1717 233 1747 ib.
248 1718 276 1746 8.
294 1728 323 1747 se
335 1726 420 1758 parat
436 1726 537 1749 contra
550 1720 711 1750 Caesarem.
726 1719 766 1749 ib.
780 1720 809 1749 6.
825 1719 856 1749 in
869 1719 1008 1750 tribuna-
