1122 1868
132 59 196 90 316
350 60 498 93 INDEX
522 60 814 94 HISTORICUS.

131 144 376 177 studiosissimus.
414 148 534 179 Mentio
565 148 740 178 Pammenis
765 154 888 188 quoque
916 143 951 174 fit
978 141 1018 173 ad

133 188 200 218 Att.
220 189 261 225 V,
278 191 328 219 20.
346 190 376 221 V
380 190 406 228 Ι,
424 193 452 220 2.
470 191 579 229 nescio,
595 202 632 221 an
649 191 795 230 ejusdem.

179 233 375 271 Pamphilus,
393 234 610 274 Lilybaetanus.
634 234 722 264 Verr.
739 233 781 269 V,
802 234 850 261 14.

183 276 379 315 Pamphilus,
404 277 445 306 N.
463 277 504 306 D.
522 278 549 312 Ι,
566 278 617 306 28.
634 276 769 307 Platonis
781 274 910 311 auditor,
926 281 1019 313 quem

134 316 287 358 Epicurus
303 320 386 349 Sami
401 320 527 356 audivit,
549 326 578 349 et
593 327 694 350 tamen
709 317 868 359 magnifice
883 323 1018 347 contem-

140 366 196 390 nit.

180 405 373 443 Pamphilus,
389 405 475 436 Orat.
494 404 558 441 III,
580 405 631 435 21.
646 406 747 435 rhetor
762 404 895 433 Graecus.
914 400 1021 440 Hujus

135 449 238 518 ’ἷεῆνην
247 448 373 478 laudant
385 448 475 478 etiam
486 448 614 479 Aristot.
626 449 719 478 Rhet.
731 448 778 486 II,
786 448 837 476 23.
849 451 878 476 et
887 443 1020 482 Quintil.

162 522 164 524 v
197 512 205 524 ,
222 490 252 519 6.

181 531 376 572 Pamphilus,
401 535 466 564 Att.
483 534 566 571 VII,
581 538 611 564 2.
624 543 726 564 servus
741 531 849 563 Attici.

182 577 357 613 Panaetz'us,
382 577 533 612 Rhodius,
560 577 688 607 Stoicus.
712 575 769 607 Or.
790 574 818 612 Ι,
840 577 886 604 11.
911 571 974 603 Off.
992 571 1022 610 1,

136 618 188 646 ‘26-
213 619 361 659 Scipionis
387 619 526 649 Africani
548 619 670 657 majoris
688 624 861 659 praeceptor.
886 621 916 645 et
931 616 1022 645 Brut.

137 661 188 689 30.
208 662 327 691 Rutilii.
349 662 438 692 Brut.
455 662 506 691 26.
531 661 568 692 C.
587 662 705 691 Fannii.
730 661 787 697 Or,
805 661 833 697 Ι,
853 662 902 688 11.
926 658 1020 688 BIne-

137 704 243 733 sarchi.
267 704 330 734 Off.
358 705 405 742 II,
437 708 467 734 2.
497 704 601 734 laudat
631 703 767 734 Africani
796 701 1021 732 abstinentiam.

137 745 206 775 Att.
226 746 287 781 IX,
308 748 356 776 12.
372 747 454 787 apud
470 757 539 777 eum
555 747 719 777 honoratus
734 752 786 776 est.
811 745 883 775 Div.
901 743 929 781 Ι,
946 744 976 773 3.
992 748 1022 773 et

135 788 165 822 7.
188 789 259 819 item
282 788 328 827 ΙΙ,
351 791 401 819 42.
427 790 581 820 Posidonii
604 790 718 827 doctor,
739 788 907 828 discipulus
930 786 1022 816 Anti-

136 832 226 870 patri,
252 843 270 862 a
294 833 401 863 Stoicis
416 832 606 873 degeneravit
625 833 657 862 in
678 831 827 862 sententia
846 830 883 860 de
906 829 1024 860 divina-

139 873 240 904 tione:
265 875 330 905 risit
356 875 436 905 enim
462 876 565 905 avium
590 881 725 912 cantum,
751 880 781 904 et
804 873 1024 913 astrologorum

140 917 294 956 praedicta,
319 918 381 949 Off.
403 917 449 953 ΙΙ,
480 921 526 948 14.
544 918 570 948 ei
586 919 683 959 placet
703 926 924 957 nonnunquam
940 925 1025 946 vero-

141 959 250 997 simile,
274 961 364 991 etiam
389 961 414 990 si
433 961 533 991 minus
549 961 587 990 sit
602 971 719 997 verum,
740 959 906 990 defendere.
931 958 1025 988 Tusc.

139 1003 169 1039 I,
182 1004 232 1033 32.
248 1003 386 1033 animum
397 1004 555 1033 mortalem
568 1004 681 1034 statuit.
699 1004 771 1033 Nat.
790 1002 830 1031 D.
843 1001 888 1037 ΙΙ,
903 1002 953 1031 46.
969 1000 1028 1030 du-

142 1045 230 1083 bitat,
247 1057 284 1076 an
301 1046 433 1076 mundus
446 1046 483 1076 sit
494 1047 557 1086 igni
567 1046 750 1076 interiturus.
768 1045 855 1075 Offic.
872 1044 900 1081 Ι,
920 1048 949 1074 2.
962 1042 1027 1080 ΙΙΙ,

141 1092 170 1118 ‘2-
187 1088 224 1119 de
239 1089 343 1119 officiis
365 1089 585 1119 accuratissime
600 1088 776 1129 disputavit,
795 1088 826 1117 in
842 1097 903 1128 quo
924 1092 1026 1116 tamen

142 1131 259 1172 aliquid
283 1132 519 1172 reprehenditur.
544 1131 633 1162 Offlc.
659 1130 686 1168 I,
704 1132 755 1160 43.
776 1129 966 1171 praetermisit
981 1129 1027 1158 lo-

141 1184 224 1211 cum,
240 1174 277 1204 de
292 1174 410 1204 duobus
426 1174 568 1211 honestis,
584 1180 689 1204 utrum
708 1173 871 1204 honestius.
895 1171 958 1202 Off.
977 1172 1025 1210 II,

146 1217 195 1246 10.
211 1227 281 1247 cum
297 1217 334 1247 de
358 1217 498 1258 opinione
513 1217 652 1258 populari
671 1217 789 1247 locutus
813 1222 868 1253 est,
887 1224 960 1244 usus
983 1220 1030 1245 est

142 1260 241 1290 verbis
263 1260 460 1300 popularibus
480 1266 509 1290 et
528 1259 655 1289 usitatis.
678 1259 714 1289 de
730 1258 794 1289 Off.
811 1257 857 1295 II,
883 1259 914 1286 5.
935 1263 1026 1297 negat

143 1301 252 1332 ducem
268 1303 299 1332 in
316 1303 406 1339 bello,
432 1309 484 1332 aut
499 1303 667 1343 principem
687 1301 782 1338 domi,
798 1310 924 1341 magnas
939 1310 985 1330 res
1000 1306 1030 1330 et

143 1345 287 1375 salutares
302 1346 365 1376 sine
380 1345 539 1375 hominurn
552 1345 659 1375 studiis
671 1355 772 1385 gerere
782 1354 878 1385 posse.
901 1343 964 1373 Off.
982 1342 1029 1381 11,

150 1389 199 1418 17.
217 1388 344 1424 theatra,
360 1388 504 1429 porticus,
516 1397 594 1418 nova
609 1388 734 1428 templa,
745 1397 805 1417 non
818 1388 935 1427 probat.
957 1386 982 1416 F
985 1386 1027 1416 in.

147 1429 206 1465 IV,
224 1432 253 1460 9.
270 1431 308 1460 ad
324 1432 365 1468 Q.
381 1431 577 1461 Tuberonem
592 1430 630 1461 de
644 1430 745 1460 dolore
760 1429 901 1470 patiendo
916 1428 1028 1458 scribit.

145 1473 213 1502 Att.
231 1473 330 1510 XIII,
347 1476 376 1503 8.
392 1475 457 1513 ejus
471 1474 547 1504 liber
556 1474 594 1504 de
608 1472 804 1514 providentia.
829 1472 905 1512 Leg.
922 1470 988 1509 III,
999 1472 1030 1501 6.

149 1514 186 1544 de
202 1516 437 1555 magistratibus.

189 1559 356 1595 Paniscus,
385 1560 427 1589 N.
454 1559 497 1593 D.
516 1559 584 1596 ΙΙΙ,
614 1561 661 1590 17.
681 1558 753 1589 Div.
778 1558 806 1595 Ι,
833 1559 879 1588 13.
905 1555 1031 1587 Panisci

141 1606 233 1640 caput
247 1601 394 1631 exstitisse
409 1613 482 1632 saxo
497 1601 620 1638 diffisso,
637 1601 725 1641 fingit
741 1599 920 1631 Carneades.

188 1643 221 1672 C.
245 1644 348 1674 Vibius
366 1646 484 1681 Pansa,
510 1643 546 1675 C.
568 1645 605 1674 F.
624 1643 660 1674 C.
680 1644 720 1674 N.
736 1643 775 1673 ad
792 1642 865 1673 Div.
881 1641 981 1679 VIII,
997 1643 1026 1672 8.

145 1684 214 1716 trib.
230 1686 273 1727 pl.
289 1686 338 1718 M.
354 1687 502 1719 Marcello
517 1693 547 1718 et
561 1687 646 1718 Serv.
661 1685 795 1728 Sulpicio
809 1695 883 1717 coss.
899 1684 938 1716 ad
956 1684 1031 1716 Div.
