1137 1848
272 88 419 121 INDEX
444 88 732 121 HISTORICUS.
888 92 946 122 145

62 184 142 212 reus,
160 175 290 207 Philolai
302 182 476 217 praeceptor.
498 175 566 206 Fin.
583 175 626 213 V,
640 177 693 206 29.
717 174 857 207 Platonis
871 182 949 207 tem-

62 228 134 258 pore
155 219 240 249 vixit.
258 219 326 249 Fin.
350 218 397 256 ΙΙ,
423 222 470 249 14.
500 219 636 249 Platonis
656 218 695 249 ad
718 228 788 248 eum
809 219 946 260 epistola,

59 270 143 291 nona
157 261 234 292 inter
249 262 388 303 epistolas
404 261 552 292 Platonis.
576 261 669 292 Tusc.
682 260 742 299 IV,
759 262 810 291 36.
827 262 879 292 irae
892 273 948 304 po-

60 311 136 334 tens.

103 348 208 381 Areus,
223 347 290 378 Att.
309 347 352 385 V,
369 349 398 379 9.
415 347 551 378 libertus.

101 391 329 429 Arganthonius,
340 391 427 428 Cato,
448 394 495 421 19.
511 400 564 420 rex
577 389 812 427 Tartessiorum,
829 391 881 432 qui
897 401 947 422 oc-

56 432 172 472 toginta
187 443 280 464 annos
295 433 442 473 regnavit,
455 438 577 464 centum
592 439 623 463 et
637 433 744 474 viginti
760 433 844 464 vixit.
860 434 946 465 Add.

59 474 141 505 Plin.
157 476 200 506 H.
216 477 259 506 N.
276 476 356 515 VII,
370 479 421 506 48.

101 519 287 555 Ariarathes,
305 520 344 550 ad.
359 519 432 549 Div.
447 517 524 555 XV,
541 521 570 548 2.
594 518 663 549 Att.
682 518 782 555 XIII,
800 522 830 549 2.
852 519 945 551 Ario-

57 561 195 592 barzanis
206 562 305 592 filius:
330 568 359 592 et
374 562 462 598 alius,
478 561 693 592 Ariobarzanis
711 562 810 592 frater.

98 604 201 641 Arion,
219 605 460 646 Methymnaeus,
478 604 570 634 Tusc.
583 603 629 642 ΙΙ,
640 606 692 636 27.
704 604 894 645 citharoedus‚
907 606 945 637 de

56 655 118 686 quo
134 654 205 677 nota
220 654 264 678 est
278 658 315 678 ex
332 647 488 678 Herodoto
503 647 617 677 fabula.

100 691 317 727 Ariobarzanes,
335 690 445 720 Manil.
457 694 486 720 2.
497 700 549 720 rex
563 690 772 730 Cappadociae‚
788 701 807 720 a
817 690 944 722 Mithri-

53 731 123 762 date
134 742 225 772 regno
235 733 380 774 expulsus
392 744 399 762 ι
417 733 512 763 socius
524 733 630 773 populi
640 733 783 764 Romani.
806 733 942 766 Eusebes

54 780 84 804 et
100 775 319 806 Philoromaeus
334 776 442 805 dicitur
455 787 464 806 ι
488 775 541 815 qui
557 775 637 805 tituli
653 775 743 806 etiam
759 776 790 806 in
806 778 942 809 nummis

52 825 223 849 occurrunt.
247 819 362 849 Ciliciae
376 818 548 859 proconsuli
564 818 701 848 Ciceroni
711 820 941 850 commendatur

52 870 71 889 a
87 866 203 899 senatu,
220 867 249 891 et
264 863 302 891 ab
318 871 351 892 eo
371 871 483 900 magno
497 860 630 900 periculo
644 861 810 898 liberatur-3
834 862 940 893 lauda-

51 907 112 932 tur.
137 903 226 933 Conf.
243 904 282 934 ad
302 904 374 934 Div.
399 903 476 941 XV,
497 908 527 933 2.
542 907 572 934 4.
595 904 690 934 Attio.
710 903 752 941 V,
769 908 821 935 20.
845 905 939 937 Prov.

74 945 261 976 .Gabinio
253 957 285 976 m
300 946 500 977 ulciscendis'
492 947 565 976 mim
570 946 621 976 icis
642 947 748 976 utitur.

51 956 244 1026 ‘'Aru-‚neus
259 990 332 1020 Nat.
351 989 392 1018 D.
417 988 482 1027 ΙΙΙ,
508 993 555 1021 18.
571 989 658 1019 olivae
673 989 822 1028 inventor,
839 990 939 1032 Apol-

48 1030 119 1061 linis
134 1031 224 1062 filius.
250 1032 337 1062 Verr.
354 1031 396 1068 V
415 1035 465 1064 57

91 1076 243 1110 Αιὶειανιις,
260 1075 348 1105 Verr.
363 1074 423 1112 VI,
437 1079 488 1105 42.
512 1074 660 1105 Dexionis
675 1074 766 1106 filius.

93 1118 246 1153 Arislz'des,
261 1118 298 1148 de
314 1118 403 1148 Offic.
427 1117 491 1153 III,
506 1119 534 1147 4.
558 1119 665 1148 ,Iustus
680 1118 778 1149 dictus
793 1125 846 1150 est.
862 1120 935 1151 ibid.

51 1158 116 1198 ΙΙΙ,
129 1164 140 1191 l
152 1164 176 1190 l.
193 1160 406 1191 Themistoclis
418 1161 578 1191 consilium
594 1160 680 1198 utile,
692 1161 764 1202 quia
775 1162 936 1203 injustum,

46 1212 107 1233 non
123 1205 241 1245 probat.

87 1247 265 1286 Aristippus,
279 1246 457 1283 Socraticus,
474 1247 511 1278 de
523 1246 611 1277 Orat.
628 1245 693 1282 ΙΙΙ,
715 1248 762 1279 17.
785 1249 934 1289 Cyrenai-

47 1298 90 1318 cae
104 1289 302 1330 philosophiae
316 1296 430 1320 auctor.
444 1290 483 1320 ad
497 1290 569 1320 Div.
588 1289 649 1326 IX,
667 1291 718 1321 26.
742 1292 806 1330 ejus
819 1292 934 1323 dictum

45 1331 83 1361 de
99 1331 205 1362 Laide.
229 1332 324 1363 Acad.
342 1332 402 1371 IV,
426 1336 476 1364 42.
497 1333 683 1373 voluptatem
705 1343 861 1364 summum
881 1337 935 1366 bo.

46 1383 122 1404 num
143 1374 225 1405 facit.
242 1375 331 1406 Offie.
354 1374 382 1412 I,
399 1378 453 1406 41.
474 1376 594 1406 licentia
614 1377 679 1414 ejus
699 1383 802 1406 contra
816 1387 933 1409 morem

44 1418 353 1458 consuetudinemque
367 1419 512 1459 loquendi
527 1428 588 1449 non
604 1425 647 1448 est
659 1418 815 1449 imitanda.

88 1462 199 1498 Arisw,
216 1461 255 1490 ad
270 1460 469 1497 Div.11‚18.

89 1503 317 1541 Αιίειο,ΟΙ]ἱιιε,
329 1504 456 1535 Stoicus.
479 1503 576 1534 Acad.
594 1503 655 1540 IV,
666 1506 717 1534 4‘2.
734 1503 804 1534 Fin.
814 1504 860 1540 ΙΙ,
881 1507 931 1539 ll.

48 1548 96 1576 13
116 1556 271 1576 summum
287 1547 426 1576 bonum'
418 1557 449 1577 ln
467 1547 614 1585 αδιαφοριᾳ
630 1546 724 1586 ponit.
747 1547 820 1578 Nat.
837 1549 878 1579 D.
899 1549 927 1589 1,

48 1591 95 1618 14.
114 1589 178 1636 ejuus
194 1588 231 1618 de
245 1588 352 1619 natura
367 1589 503 1620 Deorum
520 1589 675 1619 sententia.
699 1573 929 1622 Commemora-

42 1635 93 1661 tur
107 1631 196 1661 etiam
213 1630 317 1662 Aristo
329 1632 454 1673 quidam
465 1632 558 1662 Tusc.
575 1631 617 1669 V,
635 1635 663 1663 8.
679 1632 733 1672 qui
748 1632 847 1663 Bruto
857 1645 928 1675 per-

43 1679 186 1711 suaserat,
202 1674 312 1705 virtute
336 1675 412 1705 effici
436 1675 530 1704 vitam
547 1676 679 1712 beatam,
708 1684 767 1705 non
789 1677 924 1707 beatissi-

42 1725 137 1754 mam,
165 1722 195 1746 et
218 1727 350 1757 quocum
377 1717 516 1749 Ciceroni
540 1717 597 1748 hoc
616 1717 739 1756 nomine
758 1718 924 1759 disputatio

84 1760 234 1799 (Clm-is.)
705 1769 725 1789 ο
