1137 1848
314 77 464 109 INDEX
487 76 772 109 HISTORICUS.
926 77 986 109 185

141 165 188 196 M.
204 164 312 201 Cicero,
329 164 377 195 Μ.
394 164 485 202 filius,
497 164 565 195 Att.
579 164 608 201 Ι,
624 166 654 194 2.
668 170 758 194 natus
774 174 811 194 ex
823 162 980 202 Terentiei,

98 208 141 239 11.
165 208 284 238 Caesare
306 214 335 238 et
357 207 394 239 C.
413 207 524 247 Figulo
550 217 623 237 coss.
647 207 731 237 Phil.
751 207 794 244 X,
816 207 846 237 6.
864 207 982 247 legatus

94 251 194 281 Bruti.
218 251 258 280 Ei
276 251 354 291 legio
374 262 404 281 se
427 250 560 287 tradidit,
584 260 677 290 quam
700 250 817 290 legatus
837 249 980 287 Antonii,

95 294 135 324 L.
155 293 236 331 Piso,
253 294 390 324 ducebat.
411 293 450 323 ad
471 293 545 323 Div.
562 293 664 331 XIII,
687 293 735 322 ll.
756 292 870 322 AEdilis
884 292 980 333 Arpi-

96 337 139 375 ni,
157 338 215 367 διο.

137 380 173 414 Q.
193 381 307 416 Cicero,
318 379 367 409 M.
384 379 484 409 frater.
501 378 551 409 De
561 389 595 409 eo
604 379 727 409 collecta
738 378 841 408 omnia
850 377 979 418 diligen-

93 428 138 452 ter
153 433 171 452 a
185 422 330 459 Corrado,
347 422 463 459 Quaest.
480 433 509 463 p.
526 423 598 457 278.
620 422 666 452 ed.
679 422 764 462 Lips.
774 421 899 461 Scripsit
909 421 980 450 An-

93 465 185 495 nales.
201 465 238 495 ad
252 467 317 496 Att.
336 465 383 502 II,
403 466 450 495 16.
474 465 576 500 XIII,
593 466 640 495 13.

136 508 171 542 Q.
190 510 306 547 Cirero,
323 507 364 545 Q.
380 508 468 538 filius.
495 508 578 537 Phil.
596 507 663 544 III,
683 508 713 543 7.
734 507 772 537 ad
788 506 861 537 Div.
875 506 978 544 XIII,

96 551 144 580 ll.
179 551 292 581 AEdilis
318 551 439 591 Arpini.
469 552 541 582 Att.
564 551 627 586 XI,
656 551 685 580 8.
724 550 773 580 M.
801 549 979 581 Ciceronem

91 594 174 635 apud
191 594 341 625 Caesarem
358 600 496 630 accusat3
521 594 633 623 nefarie
645 603 715 624 cum
731 603 765 623 eo
780 593 852 633 agit.

138 638 213 674 Cilo,
235 648 296 667 srve
319 638 416 675 Chilo,
436 637 475 667 ad
490 637 562 667 Div.
578 637 640 675 VI,
657 637 707 667 20.
732 636 858 666 libertus
880 636 978 666 Tora-

94 680 148 716 nii,
166 686 219 710 aut
234 680 335 710 cliens.

135 724 264 753 Cimber.
286 723 359 754 Vid.
377 723 490 753 Tillius
505 723 636 753 Cimber.

136 768 259 804 Cimon,
285 765 348 797 Off.
370 767 418 805 ΙΙ,
446 767 494 796 18.
524 765 556 796 in
582 775 650 796 suos
673 764 800 796 curiales
823 764 980 806 hospitalis

91 809 159 840 fuit.

136 853 353 883 Cincinnatus.
376 852 500 883 Vid.L.
521 853 669 886 Quintius
687 852 907 882 Cincinnatus.

135 896 174 925 L.
203 897 343 933 Cincius,
368 896 435 926 Att.
457 894 484 934 Ι,
507 896 533 926 1.
555 896 585 930 7.
609 896 657 925 16.
680 900 854 935 procurator
868 893 977 925 Attici.

92 939 184 968 Adde
200 939 229 974 Ι,
252 940 303 968 20.

135 983 181 1011 All.
200 983 336 1019 Cincius,
353 981 410 1012 Or.
423 980 470 1017 ΙΙ,
489 983 543 1012 71.
558 982 656 1022 legem
671 980 709 1010 de
724 980 810 1011 donis
826 986 855 1011 et
869 989 978 1010 mune-

91 1025 174 1055 ribus
186 1025 255 1054 fert.
277 1025 318 1055 V.
335 1026 402 1055 Lesc
419 1025 541 1054 Cincio.

135 1069 176 1098 P.
191 1069 326 1105 Cincius,
342 1068 419 1098 Sull.
437 1069 487 1097 20.
505 1077 595 1107 eques
605 1066 776 1104 Romanus,
800 1075 855 1106 pro
867 1074 928 1105 quo
943 1064 975 1094 in

90 1110 176 1141 codd.
189 1111 343 1141 nonnullis
359 1116 402 1140 est
414 1112 530 1140 Sicius.
545 1111 586 1141 V.
605 1109 688 1140 Cort.
705 1108 743 1139 ad
759 1109 831 1139 Sall.
847 1107 915 1138 Cat.
925 1110 977 1138 21.

90 1153 143 1183 ubi
163 1154 248 1184 docet
263 1164 363 1184 veram
378 1153 538 1184 lectionem
559 1163 621 1183 esse
638 1153 752 1188 Sitius,
768 1152 817 1181 vel
838 1152 952 1181 Sittius
963 1165 975 1187 ;

89 1195 186 1236 deque
201 1197 323 1226 homine
338 1196 496 1236 diligenter
511 1196 582 1236 agit.
607 1196 648 1226 V.
664 1195 756 1225 etiam
770 1195 802 1224 in
819 1196 857 1224 P.
870 1195 977 1224 Silius.

135 1241 257 1277 Cineas,
274 1240 367 1269 Tusc.
384 1238 411 1274 Ι,
428 1240 477 1268 24.
495 1238 607 1280 Pyrrhi
626 1238 755 1278 legatus,
775 1237 897 1267 summ&
911 1247 976 1267 me-

90 1282 197 1312 moria.
221 1283 275 1312 Ad
290 1282 363 1312 Div.
380 1282 442 1320 IX,
458 1283 509 1312 25.
526 1283 590 1321 ejus
605 1281 674 1311 libri
690 1280 726 1311 de
738 1291 769 1310 re
784 1280 918 1310 militari.

132 1325 172 1355 L.
190 1327 306 1363 Cinna,
323 1326 414 1356 Font.
441 1327 489 1355 15.
514 1324 649 1365 Legatus
663 1324 742 1353 bello
758 1322 868 1353 sociali.
893 1321 974 1352 Phil.

90 1365 119 1405 Ῑ,
140 1371 188 1399 13.
209 1369 258 1399 Μ.
279 1367 453 1398 Antonium
474 1373 622 1398 oratorem
641 1366 789 1396 interficit.
815 1365 909 1396 Tusc.
930 1365 975 1403 V,

91 1412 141 1441 19.
166 1418 273 1452 quater
295 1411 409 1441 consul.
436 1410 561 1450 Collega
588 1408 647 1441 Cn.
674 1408 795 1439 Octavii
821 1414 850 1438 et
880 1407 971 1438 Publ.

89 1452 199 1484 Crassi.
216 1454 254 1484 L.
273 1453 436 1493 Caesarem,
452 1453 501 1484 M.
517 1452 703 1491 Antonium,
715 1457 745 1482 et
761 1450 798 1483 C.
812 1450 975 1488 Caesarem,

88 1496 214 1526 interfici
223 1498 321 1535 jubet.

131 1540 171 1569 L.
187 1541 300 1577 Cinna,
318 1539 398 1569 Phil.
417 1539 485 1577 III,
510 1541 558 1568 10.
573 1537 760 1580 provinciam
778 1537 835 1569 sibi
850 1537 888 1567 ab
903 1536 975 1567 An-

92 1581 175 1612 tonio
190 1582 293 1612 datam
308 1582 465 1612 recusavit.

133 1625 232 1661 Circe,
245 1625 317 1655 Nat.
327 1625 368 1654 D.
381 1625 447 1662 III,
463 1625 513 1655 18.
526 1624 674 1655 Perse'idis
681 1623 851 1664 filia,quam
863 1621 978 1653 Circei-

89 1676 172 1697 enses
184 1668 295 1698 colunt.
320 1667 384 1698 Off.
396 1666 422 1704 I,
435 1670 486 1698 31.
495 1668 616 1703 mulier,
627 1667 676 1697 cui
684 1666 818 1697 inserviit
827 1666 965 1706 Ulysses·

132 1711 259 1750 Cispius.
269 1711 394 1747 Laevus,
411 1710 450 1740 ad
465 1711 583 1741 Divers.
601 1710 645 1748 X,
661 1712 713 1740 21.

132 1753 179 1783 M.
195 1755 332 1795 Cispius,
349 1754 432 1786 Sext.
445 1755 498 1785 35.
514 1753 582 1785 trib.
598 1754 640 1795 pl.
655 1752 804 1795 (Lentulo
815 1751 976 1794 Spinthere

706 1804 729 1826 R
743 1796 763 1825 3
