<?xml version="1.0" encoding="UTF-8"?>
<!DOCTYPE html PUBLIC "-//W3C//DTD XHTML 1.0 Transitional//EN"
    "http://www.w3.org/TR/xhtml1/DTD/xhtml1-transitional.dtd">
<html xmlns="http://www.w3.org/1999/xhtml" xml:lang="en" lang="en">
 <head>
  <title>
</title>
<meta http-equiv="Content-Type" content="text/html;charset=utf-8" />
  <meta name='ocr-system' content='tesseract 3.04.00' />
  <meta name='ocr-capabilities' content='ocr_page ocr_carea ocr_par ocr_line ocrx_word'/>
</head>
<body>
  <div class='ocr_page' id='page_1' title='image "./operaern12ciceuoft_0284.png"; bbox 0 0 1122 1868; ppageno 0'>
   <div class='ocr_carea' id='block_1_1' title="bbox 114 54 787 94">
    <p class='ocr_par' dir='ltr' id='par_1_1' title="bbox 114 54 787 94">
     <span class='ocr_line' id='line_1_1' title="bbox 114 54 787 94; baseline -0.004 -5"><span class='ocrx_word' id='word_1_1' title='bbox 114 59 177 94; x_wconf 82' lang='lat'>272</span> <span class='ocrx_word' id='word_1_2' title='bbox 329 57 479 90; x_wconf 90' lang='lat' dir='ltr'>INDEX</span> <span class='ocrx_word' id='word_1_3' title='bbox 502 54 787 89; x_wconf 87' lang='lat' dir='ltr'><strong>HISTORICUS.</strong></span> 
     </span>
    </p>
   </div>
   <div class='ocr_carea' id='block_1_2' title="bbox 117 143 1020 1503">
    <p class='ocr_par' dir='ltr' id='par_1_2' title="bbox 161 143 627 175">
     <span class='ocr_line' id='line_1_2' title="bbox 161 143 627 175; baseline -0.002 0"><span class='ocrx_word' id='word_1_4' title='bbox 161 143 298 175; x_wconf 73' lang='lat' dir='ltr'>Licinius</span> <span class='ocrx_word' id='word_1_5' title='bbox 312 144 430 175; x_wconf 83' lang='lat' dir='ltr'><strong><em>Macer.</em></strong></span> <span class='ocrx_word' id='word_1_6' title='bbox 452 143 493 175; x_wconf 90' lang='lat' dir='ltr'>V.</span> <span class='ocrx_word' id='word_1_7' title='bbox 511 143 627 174; x_wconf 79' lang='lat' dir='ltr'><strong>Macer.</strong></span> 
     </span>
    </p>

    <p class='ocr_par' dir='ltr' id='par_1_3' title="bbox 117 183 1008 483">
     <span class='ocr_line' id='line_1_3' title="bbox 164 183 1001 224; baseline -0.005 -6"><span class='ocrx_word' id='word_1_8' title='bbox 164 188 201 218; x_wconf 85' lang='lat' dir='ltr'>C.</span> <span class='ocrx_word' id='word_1_9' title='bbox 217 186 356 218; x_wconf 78' lang='lat' dir='ltr'>Licinius</span> <span class='ocrx_word' id='word_1_10' title='bbox 373 186 486 217; x_wconf 77' lang='lat' dir='ltr'>Calvus.</span> <span class='ocrx_word' id='word_1_11' title='bbox 509 187 599 218; x_wconf 66' lang='lat' dir='ltr'>Brut„</span> <span class='ocrx_word' id='word_1_12' title='bbox 614 185 665 216; x_wconf 87' lang='lat'>81.</span> <span class='ocrx_word' id='word_1_13' title='bbox 681 185 747 224; x_wconf 83' lang='lat' dir='ltr'>ejus</span> <span class='ocrx_word' id='word_1_14' title='bbox 760 183 850 215; x_wconf 85' lang='lat' dir='ltr'>dictio</span> <span class='ocrx_word' id='word_1_15' title='bbox 865 189 895 214; x_wconf 81' lang='lat' dir='ltr'>et</span> <span class='ocrx_word' id='word_1_16' title='bbox 915 183 1001 224; x_wconf 75' lang='lat' dir='ltr'>inge-</span> 
     </span>
     <span class='ocr_line' id='line_1_4' title="bbox 117 227 1002 269; baseline -0.005 -9"><span class='ocrx_word' id='word_1_17' title='bbox 117 229 216 260; x_wconf 86' lang='lat' dir='ltr'><strong>nium.</strong></span> <span class='ocrx_word' id='word_1_18' title='bbox 249 229 288 259; x_wconf 88' lang='lat' dir='ltr'>ad</span> <span class='ocrx_word' id='word_1_19' title='bbox 313 229 386 260; x_wconf 90' lang='lat' dir='ltr'><strong>Div.</strong></span> <span class='ocrx_word' id='word_1_20' title='bbox 403 228 483 267; x_wconf 73' lang='lat' dir='ltr'>VII,</span> <span class='ocrx_word' id='word_1_21' title='bbox 507 232 559 260; x_wconf 84' lang='lat'>24.</span> <span class='ocrx_word' id='word_1_22' title='bbox 591 228 759 269; x_wconf 87' lang='lat' dir='ltr'>Tigellium</span> <span class='ocrx_word' id='word_1_23' title='bbox 783 227 843 257; x_wconf 84' lang='lat' dir='ltr'>acri</span> <span class='ocrx_word' id='word_1_24' title='bbox 868 227 1002 257; x_wconf 81' lang='lat' dir='ltr'><strong>carmine</strong></span> 
     </span>
     <span class='ocr_line' id='line_1_5' title="bbox 117 270 1004 313; baseline -0.005 -10"><span class='ocrx_word' id='word_1_25' title='bbox 117 271 303 313; x_wconf 78' lang='lat' dir='ltr'>perstrinxit.</span> <span class='ocrx_word' id='word_1_26' title='bbox 319 272 358 302; x_wconf 79' lang='lat' dir='ltr'><strong>ad.</strong></span> <span class='ocrx_word' id='word_1_27' title='bbox 369 272 442 303; x_wconf 88' lang='lat' dir='ltr'><strong>Div.</strong></span> <span class='ocrx_word' id='word_1_28' title='bbox 456 272 532 311; x_wconf 87' lang='lat' dir='ltr'>XV,</span> <span class='ocrx_word' id='word_1_29' title='bbox 549 275 600 302; x_wconf 84' lang='lat'>21.</span> <span class='ocrx_word' id='word_1_30' title='bbox 616 271 732 301; x_wconf 82' lang='lat' dir='ltr'>amicus</span> <span class='ocrx_word' id='word_1_31' title='bbox 744 270 916 306; x_wconf 79' lang='lat' dir='ltr'>Ciceronis3</span> <span class='ocrx_word' id='word_1_32' title='bbox 932 279 1004 300; x_wconf 88' lang='lat' dir='ltr'>cum</span> 
     </span>
     <span class='ocr_line' id='line_1_6' title="bbox 120 313 1006 356; baseline -0.005 -11"><span class='ocrx_word' id='word_1_33' title='bbox 120 321 190 345; x_wconf 81' lang='lat' dir='ltr'>ante</span> <span class='ocrx_word' id='word_1_34' title='bbox 213 314 353 345; x_wconf 78' lang='lat' dir='ltr'>inimicus</span> <span class='ocrx_word' id='word_1_35' title='bbox 375 315 491 353; x_wconf 80' lang='lat' dir='ltr'>fuisset,</span> <span class='ocrx_word' id='word_1_36' title='bbox 514 320 671 356; x_wconf 83' lang='lat' dir='ltr'>propterea</span> <span class='ocrx_word' id='word_1_37' title='bbox 694 313 776 354; x_wconf 86' lang='lat' dir='ltr'>quod</span> <span class='ocrx_word' id='word_1_38' title='bbox 799 318 916 353; x_wconf 86' lang='lat' dir='ltr'>patrem</span> <span class='ocrx_word' id='word_1_39' title='bbox 940 313 1006 352; x_wconf 88' lang='lat' dir='ltr'>ejus</span> 
     </span>
     <span class='ocr_line' id='line_1_7' title="bbox 121 355 1005 398; baseline -0.003 -10"><span class='ocrx_word' id='word_1_40' title='bbox 121 357 277 388; x_wconf 83' lang='lat' dir='ltr'>Licinium</span> <span class='ocrx_word' id='word_1_41' title='bbox 294 357 448 395; x_wconf 88' lang='lat' dir='ltr'>Macrum,</span> <span class='ocrx_word' id='word_1_42' title='bbox 464 364 585 398; x_wconf 80' lang='lat' dir='ltr'>praetor,</span> <span class='ocrx_word' id='word_1_43' title='bbox 602 357 639 387; x_wconf 84' lang='lat' dir='ltr'>de</span> <span class='ocrx_word' id='word_1_44' title='bbox 653 356 826 397; x_wconf 82' lang='lat' dir='ltr'>repetundis</span> <span class='ocrx_word' id='word_1_45' title='bbox 841 355 1005 385; x_wconf 88' lang='lat' dir='ltr'>damnave-</span> 
     </span>
     <span class='ocr_line' id='line_1_8' title="bbox 119 398 1008 439; baseline -0.002 -9"><span class='ocrx_word' id='word_1_46' title='bbox 119 406 176 430; x_wconf 83' lang='lat' dir='ltr'><strong>rat.</strong></span> <span class='ocrx_word' id='word_1_47' title='bbox 200 399 272 430; x_wconf 85' lang='lat' dir='ltr'><strong>vid.</strong></span> <span class='ocrx_word' id='word_1_48' title='bbox 290 400 392 431; x_wconf 91' lang='lat' dir='ltr'><strong>Valer.</strong></span> <span class='ocrx_word' id='word_1_49' title='bbox 416 401 464 431; x_wconf 88' lang='lat' dir='ltr'>M.</span> <span class='ocrx_word' id='word_1_50' title='bbox 479 400 541 439; x_wconf 92' lang='lat' dir='ltr'>IX,</span> <span class='ocrx_word' id='word_1_51' title='bbox 565 402 595 436; x_wconf 89' lang='lat'>7.</span> <span class='ocrx_word' id='word_1_52' title='bbox 617 403 664 431; x_wconf 84' lang='lat'>12.</span> <span class='ocrx_word' id='word_1_53' title='bbox 694 399 773 438; x_wconf 84' lang='lat' dir='ltr'>Ejus</span> <span class='ocrx_word' id='word_1_54' title='bbox 786 398 901 429; x_wconf 84' lang='lat' dir='ltr'>mentio</span> <span class='ocrx_word' id='word_1_55' title='bbox 915 398 1008 429; x_wconf 76' lang='lat' dir='ltr'>etiam</span> 
     </span>
     <span class='ocr_line' id='line_1_9' title="bbox 121 442 636 483; baseline -0.002 -10"><span class='ocrx_word' id='word_1_56' title='bbox 121 442 160 473; x_wconf 82' lang='lat' dir='ltr'>de</span> <span class='ocrx_word' id='word_1_57' title='bbox 173 442 242 473; x_wconf 87' lang='lat' dir='ltr'><strong>Fin.</strong></span> <span class='ocrx_word' id='word_1_58' title='bbox 256 442 286 479; x_wconf 86' lang='lat' dir='ltr'>I,</span> <span class='ocrx_word' id='word_1_59' title='bbox 300 445 329 472; x_wconf 79' lang='lat'>2.</span> <span class='ocrx_word' id='word_1_60' title='bbox 342 443 383 473; x_wconf 90' lang='lat' dir='ltr'>V.</span> <span class='ocrx_word' id='word_1_61' title='bbox 400 443 514 483; x_wconf 80' lang='lat' dir='ltr'>Calvus,</span> <span class='ocrx_word' id='word_1_62' title='bbox 531 450 636 473; x_wconf 82' lang='lat' dir='ltr'>orator.</span> 
     </span>
    </p>

    <p class='ocr_par' dir='ltr' id='par_1_4' title="bbox 163 485 776 517">
     <span class='ocr_line' id='line_1_10' title="bbox 163 485 776 517; baseline -0.002 -1"><span class='ocrx_word' id='word_1_63' title='bbox 163 485 206 516; x_wconf 92' lang='lat' dir='ltr'>A.</span> <span class='ocrx_word' id='word_1_64' title='bbox 222 485 363 515; x_wconf 72' lang='lat' dir='ltr'>Licinius</span> <span class='ocrx_word' id='word_1_65' title='bbox 379 487 516 516; x_wconf 73' lang='lat' dir='ltr'>Archias.</span> <span class='ocrx_word' id='word_1_66' title='bbox 532 487 573 517; x_wconf 90' lang='lat' dir='ltr'>V.</span> <span class='ocrx_word' id='word_1_67' title='bbox 590 486 621 516; x_wconf 83' lang='lat' dir='ltr'>in</span> <span class='ocrx_word' id='word_1_68' title='bbox 635 485 776 516; x_wconf 82' lang='lat' dir='ltr'>Archias.</span> 
     </span>
    </p>

    <p class='ocr_par' dir='ltr' id='par_1_5' title="bbox 163 524 1006 567">
     <span class='ocr_line' id='line_1_11' title="bbox 163 524 1006 567; baseline 0.002 -9"><span class='ocrx_word' id='word_1_69' title='bbox 163 528 206 558; x_wconf 87' lang='lat' dir='ltr'>A.</span> <span class='ocrx_word' id='word_1_70' title='bbox 221 529 359 559; x_wconf 78' lang='lat' dir='ltr'>Licinius</span> <span class='ocrx_word' id='word_1_71' title='bbox 374 529 554 567; x_wconf 75' lang='lat' dir='ltr'>Aristoteles,</span> <span class='ocrx_word' id='word_1_72' title='bbox 571 529 750 560; x_wconf 74' lang='lat' dir='ltr'>Melitensis.</span> <span class='ocrx_word' id='word_1_73' title='bbox 767 527 888 560; x_wconf 81' lang='lat' dir='ltr'>adDiv-</span> <span class='ocrx_word' id='word_1_74' title='bbox 904 524 1006 566; x_wconf 85' lang='lat' dir='ltr'>XIII,</span> 
     </span>
    </p>

    <p class='ocr_par' dir='ltr' id='par_1_6' title="bbox 120 611 1014 952">
     <span class='ocr_line' id='line_1_12' title="bbox 167 611 1013 651; baseline -0.001 -8"><span class='ocrx_word' id='word_1_75' title='bbox 167 612 201 643; x_wconf 90' lang='lat' dir='ltr'>C.</span> <span class='ocrx_word' id='word_1_76' title='bbox 219 613 358 644; x_wconf 77' lang='lat' dir='ltr'>Licinius</span> <span class='ocrx_word' id='word_1_77' title='bbox 373 615 488 651; x_wconf 67' lang='lat' dir='ltr'>Nerva,</span> <span class='ocrx_word' id='word_1_78' title='bbox 504 614 594 644; x_wconf 84' lang='lat' dir='ltr'><strong>Brut.</strong></span> <span class='ocrx_word' id='word_1_79' title='bbox 614 617 665 644; x_wconf 80' lang='lat'>34.</span> <span class='ocrx_word' id='word_1_80' title='bbox 682 614 714 644; x_wconf 89' lang='lat' dir='ltr'>in</span> <span class='ocrx_word' id='word_1_81' title='bbox 729 613 886 644; x_wconf 83' lang='lat' dir='ltr'><strong>tribunatu</strong></span> <span class='ocrx_word' id='word_1_82' title='bbox 907 618 937 643; x_wconf 83' lang='lat' dir='ltr'>et</span> <span class='ocrx_word' id='word_1_83' title='bbox 951 611 1013 643; x_wconf 67' lang='lat' dir='ltr'>tota</span> 
     </span>
     <span class='ocr_line' id='line_1_13' title="bbox 120 654 1010 696; baseline 0 -11"><span class='ocrx_word' id='word_1_84' title='bbox 120 655 185 686; x_wconf 66' lang='lat' dir='ltr'>vita</span> <span class='ocrx_word' id='word_1_85' title='bbox 210 655 377 696; x_wconf 80' lang='lat' dir='ltr'>improbus·</span> <span class='ocrx_word' id='word_1_86' title='bbox 413 654 578 693; x_wconf 76' lang='lat' dir='ltr'>Corradus,</span> <span class='ocrx_word' id='word_1_87' title='bbox 603 657 642 687; x_wconf 83' lang='lat' dir='ltr'>ad</span> <span class='ocrx_word' id='word_1_88' title='bbox 661 656 692 686; x_wconf 93' lang='lat' dir='ltr'>h.</span> <span class='ocrx_word' id='word_1_89' title='bbox 708 657 729 686; x_wconf 90' lang='lat' dir='ltr'>l.</span> <span class='ocrx_word' id='word_1_90' title='bbox 742 662 842 696; x_wconf 84' lang='lat' dir='ltr'>putat,</span> <span class='ocrx_word' id='word_1_91' title='bbox 867 655 1010 686; x_wconf 87' lang='lat' dir='ltr'>eumdem</span> 
     </span>
     <span class='ocr_line' id='line_1_14' title="bbox 121 698 1008 739; baseline -0.001 -11"><span class='ocrx_word' id='word_1_92' title='bbox 121 708 196 735; x_wconf 82' lang='lat' dir='ltr'>esse,</span> <span class='ocrx_word' id='word_1_93' title='bbox 213 699 266 739; x_wconf 83' lang='lat' dir='ltr'>qui</span> <span class='ocrx_word' id='word_1_94' title='bbox 281 709 329 738; x_wconf 86' lang='lat' dir='ltr'>ap.</span> <span class='ocrx_word' id='word_1_95' title='bbox 343 698 432 729; x_wconf 87' lang='lat' dir='ltr'><strong>Varr.</strong></span> <span class='ocrx_word' id='word_1_96' title='bbox 450 699 491 729; x_wconf 89' lang='lat' dir='ltr'>R.</span> <span class='ocrx_word' id='word_1_97' title='bbox 508 699 548 728; x_wconf 88' lang='lat' dir='ltr'>R.</span> <span class='ocrx_word' id='word_1_98' title='bbox 566 698 612 737; x_wconf 87' lang='lat' dir='ltr'>II,</span> <span class='ocrx_word' id='word_1_99' title='bbox 627 700 656 729; x_wconf 89' lang='grc'>4.</span> <span class='ocrx_word' id='word_1_100' title='bbox 672 699 724 729; x_wconf 84' lang='lat' dir='ltr'>sed</span> <span class='ocrx_word' id='word_1_101' title='bbox 739 700 764 729; x_wconf 88' lang='lat' dir='ltr'>is</span> <span class='ocrx_word' id='word_1_102' title='bbox 776 708 950 739; x_wconf 86' lang='lat' dir='ltr'>praenomen</span> <span class='ocrx_word' id='word_1_103' title='bbox 965 698 1008 728; x_wconf 88' lang='lat' dir='ltr'>A.</span> 
     </span>
     <span class='ocr_line' id='line_1_15' title="bbox 120 740 1012 781; baseline 0 -11"><span class='ocrx_word' id='word_1_104' title='bbox 120 740 222 770; x_wconf 83' lang='lat' dir='ltr'><strong>habet.</strong></span> <span class='ocrx_word' id='word_1_105' title='bbox 248 741 345 781; x_wconf 86' lang='lat' dir='ltr'>Apud</span> <span class='ocrx_word' id='word_1_106' title='bbox 355 741 481 771; x_wconf 88' lang='lat' dir='ltr'>Livium</span> <span class='ocrx_word' id='word_1_107' title='bbox 491 741 598 779; x_wconf 85' lang='lat' dir='ltr'>XLV,</span> <span class='ocrx_word' id='word_1_108' title='bbox 612 743 663 772; x_wconf 81' lang='lat'>45.</span> <span class='ocrx_word' id='word_1_109' title='bbox 674 748 718 772; x_wconf 86' lang='lat' dir='ltr'>est</span> <span class='ocrx_word' id='word_1_110' title='bbox 733 742 772 772; x_wconf 90' lang='lat' dir='ltr'>C.</span> <span class='ocrx_word' id='word_1_111' title='bbox 785 741 921 772; x_wconf 85' lang='lat' dir='ltr'>Licinius</span> <span class='ocrx_word' id='word_1_112' title='bbox 931 741 1012 771; x_wconf 88' lang='lat' dir='ltr'>Ner-</span> 
     </span>
     <span class='ocr_line' id='line_1_16' title="bbox 122 783 1010 823; baseline 0.001 -11"><span class='ocrx_word' id='word_1_113' title='bbox 122 793 161 813; x_wconf 85' lang='lat' dir='ltr'>va</span> <span class='ocrx_word' id='word_1_114' title='bbox 175 789 306 823; x_wconf 84' lang='lat' dir='ltr'>praetor:</span> <span class='ocrx_word' id='word_1_115' title='bbox 324 783 387 821; x_wconf 81' lang='lat' dir='ltr'>sed,</span> <span class='ocrx_word' id='word_1_116' title='bbox 400 785 438 814; x_wconf 89' lang='lat' dir='ltr'>ab</span> <span class='ocrx_word' id='word_1_117' title='bbox 454 784 511 814; x_wconf 92' lang='lat' dir='ltr'>hoc</span> <span class='ocrx_word' id='word_1_118' title='bbox 521 784 674 815; x_wconf 86' lang='lat' dir='ltr'>diversum</span> <span class='ocrx_word' id='word_1_119' title='bbox 686 795 749 815; x_wconf 86' lang='lat' dir='ltr'>esse</span> <span class='ocrx_word' id='word_1_120' title='bbox 765 783 1010 821; x_wconf 80' lang='lat' dir='ltr'>Ciceronianam,</span> 
     </span>
     <span class='ocr_line' id='line_1_17' title="bbox 122 826 1011 867; baseline 0.002 -13"><span class='ocrx_word' id='word_1_121' title='bbox 122 826 267 865; x_wconf 88' lang='lat' dir='ltr'>temporis</span> <span class='ocrx_word' id='word_1_122' title='bbox 282 826 358 857; x_wconf 83' lang='lat' dir='ltr'>ratio</span> <span class='ocrx_word' id='word_1_123' title='bbox 373 826 470 864; x_wconf 82' lang='lat' dir='ltr'>docet,</span> <span class='ocrx_word' id='word_1_124' title='bbox 494 837 564 867; x_wconf 90' lang='lat' dir='ltr'>quae</span> <span class='ocrx_word' id='word_1_125' title='bbox 583 827 654 858; x_wconf 84' lang='lat' dir='ltr'>satis</span> <span class='ocrx_word' id='word_1_126' title='bbox 677 827 790 858; x_wconf 87' lang='lat' dir='ltr'>indicat</span> <span class='ocrx_word' id='word_1_127' title='bbox 805 827 1011 857; x_wconf 86' lang='lat' dir='ltr'>Gracchorum</span> 
     </span>
     <span class='ocr_line' id='line_1_18' title="bbox 122 869 1014 910; baseline 0.002 -13"><span class='ocrx_word' id='word_1_128' title='bbox 122 869 310 908; x_wconf 84' lang='lat' dir='ltr'>temporibus</span> <span class='ocrx_word' id='word_1_129' title='bbox 336 869 438 899; x_wconf 84' lang='lat' dir='ltr'>fuisse.</span> <span class='ocrx_word' id='word_1_130' title='bbox 463 869 672 900; x_wconf 87' lang='lat' dir='ltr'>Tribunatum</span> <span class='ocrx_word' id='word_1_131' title='bbox 687 871 752 910; x_wconf 92' lang='lat' dir='ltr'>ejus</span> <span class='ocrx_word' id='word_1_132' title='bbox 766 870 808 901; x_wconf 83' lang='lat' dir='ltr'>A.</span> <span class='ocrx_word' id='word_1_133' title='bbox 824 870 886 899; x_wconf 76' lang='lat'>632</span> <span class='ocrx_word' id='word_1_134' title='bbox 901 869 1014 910; x_wconf 80' lang='lat' dir='ltr'>allegat</span> 
     </span>
     <span class='ocr_line' id='line_1_19' title="bbox 126 909 598 952; baseline 0.006 -12"><span class='ocrx_word' id='word_1_135' title='bbox 126 909 266 950; x_wconf 78' lang='lat' dir='ltr'>Pighius,</span> <span class='ocrx_word' id='word_1_136' title='bbox 279 917 460 952; x_wconf 87' lang='lat' dir='ltr'>argumento</span> <span class='ocrx_word' id='word_1_137' title='bbox 475 912 598 943; x_wconf 81' lang='lat' dir='ltr'>incerto.</span> 
     </span>
    </p>

    <p class='ocr_par' dir='ltr' id='par_1_7' title="bbox 125 954 1012 1029">
     <span class='ocr_line' id='line_1_20' title="bbox 169 954 1012 997; baseline 0.002 -14"><span class='ocrx_word' id='word_1_138' title='bbox 169 955 202 983; x_wconf 90' lang='lat' dir='ltr'>C.</span> <span class='ocrx_word' id='word_1_139' title='bbox 230 954 367 984; x_wconf 75' lang='lat' dir='ltr'>Licinius</span> <span class='ocrx_word' id='word_1_140' title='bbox 394 956 546 985; x_wconf 83' lang='lat' dir='ltr'>Sacerdos.</span> <span class='ocrx_word' id='word_1_141' title='bbox 586 955 710 992; x_wconf 77' lang='lat' dir='ltr'>Cluent,</span> <span class='ocrx_word' id='word_1_142' title='bbox 730 956 782 985; x_wconf 79' lang='lat'>48.</span> <span class='ocrx_word' id='word_1_143' title='bbox 811 955 844 985; x_wconf 88' lang='lat' dir='ltr'>in</span> <span class='ocrx_word' id='word_1_144' title='bbox 873 954 1012 997; x_wconf 82' lang='lat' dir='ltr'>equitum</span> 
     </span>
     <span class='ocr_line' id='line_1_21' title="bbox 125 996 820 1029; baseline 0.001 -3"><span class='ocrx_word' id='word_1_145' title='bbox 125 1004 217 1026; x_wconf 81' lang='lat' dir='ltr'>censu</span> <span class='ocrx_word' id='word_1_146' title='bbox 233 1006 252 1027; x_wconf 92' lang='lat' dir='ltr'>a</span> <span class='ocrx_word' id='word_1_147' title='bbox 267 996 304 1026; x_wconf 87' lang='lat' dir='ltr'>P.</span> <span class='ocrx_word' id='word_1_148' title='bbox 320 996 468 1027; x_wconf 85' lang='lat' dir='ltr'>Africano</span> <span class='ocrx_word' id='word_1_149' title='bbox 483 998 667 1029; x_wconf 57' lang='lat' dir='ltr'>contumelia</span> <span class='ocrx_word' id='word_1_150' title='bbox 681 998 820 1029; x_wconf 82' lang='lat' dir='ltr'>afficitur.</span> 
     </span>
    </p>

    <p class='ocr_par' dir='ltr' id='par_1_8' title="bbox 127 1038 1016 1121">
     <span class='ocr_line' id='line_1_22' title="bbox 169 1038 1016 1079; baseline 0.004 -11"><span class='ocrx_word' id='word_1_151' title='bbox 169 1038 207 1068; x_wconf 87' lang='lat' dir='ltr'>L.</span> <span class='ocrx_word' id='word_1_152' title='bbox 226 1039 370 1077; x_wconf 78' lang='lat' dir='ltr'>Licinius,</span> <span class='ocrx_word' id='word_1_153' title='bbox 397 1040 485 1070; x_wconf 87' lang='lat' dir='ltr'><strong>Verr.</strong></span> <span class='ocrx_word' id='word_1_154' title='bbox 508 1039 574 1078; x_wconf 79' lang='grc' dir='ltr'>ΙΙΙ,</span> <span class='ocrx_word' id='word_1_155' title='bbox 599 1042 651 1072; x_wconf 84' lang='grc'><strong>49.</strong></span> <span class='ocrx_word' id='word_1_156' title='bbox 685 1041 823 1079; x_wconf 81' lang='lat' dir='ltr'>Crassus,</span> <span class='ocrx_word' id='word_1_157' title='bbox 850 1040 892 1079; x_wconf 86' lang='lat' dir='ltr'>Q.</span> <span class='ocrx_word' id='word_1_158' title='bbox 914 1040 1016 1072; x_wconf 86' lang='lat' dir='ltr'>Mucii</span> 
     </span>
     <span class='ocr_line' id='line_1_23' title="bbox 127 1081 474 1121; baseline 0.003 -9"><span class='ocrx_word' id='word_1_159' title='bbox 127 1081 243 1121; x_wconf 85' lang='lat' dir='ltr'>collega</span> <span class='ocrx_word' id='word_1_160' title='bbox 258 1081 289 1111; x_wconf 90' lang='lat' dir='ltr'>in</span> <span class='ocrx_word' id='word_1_161' title='bbox 305 1083 474 1113; x_wconf 84' lang='lat' dir='ltr'>consulatu.</span> 
     </span>
    </p>

    <p class='ocr_par' dir='ltr' id='par_1_9' title="bbox 170 1124 700 1165">
     <span class='ocr_line' id='line_1_24' title="bbox 170 1124 700 1165; baseline 0.004 -11"><span class='ocrx_word' id='word_1_162' title='bbox 170 1125 210 1155; x_wconf 87' lang='lat' dir='ltr'>P.</span> <span class='ocrx_word' id='word_1_163' title='bbox 229 1125 366 1154; x_wconf 83' lang='lat' dir='ltr'>Licinius</span> <span class='ocrx_word' id='word_1_164' title='bbox 383 1127 487 1156; x_wconf 75' lang='lat' dir='ltr'>Wzrus.</span> <span class='ocrx_word' id='word_1_165' title='bbox 512 1125 568 1156; x_wconf 90' lang='lat' dir='ltr'><strong>Or.</strong></span> <span class='ocrx_word' id='word_1_166' title='bbox 585 1124 632 1165; x_wconf 89' lang='lat' dir='ltr'>II,</span> <span class='ocrx_word' id='word_1_167' title='bbox 649 1126 700 1156; x_wconf 87' lang='grc'>61.</span> 
     </span>
    </p>

    <p class='ocr_par' dir='ltr' id='par_1_10' title="bbox 131 1167 1012 1248">
     <span class='ocr_line' id='line_1_25' title="bbox 170 1167 1012 1205; baseline 0.005 -9"><span class='ocrx_word' id='word_1_168' title='bbox 170 1168 212 1196; x_wconf 92' lang='grc' dir='ltr'>Ρ.</span> <span class='ocrx_word' id='word_1_169' title='bbox 229 1167 377 1205; x_wconf 79' lang='lat' dir='ltr'>Licinius,</span> <span class='ocrx_word' id='word_1_170' title='bbox 395 1167 469 1198; x_wconf 86' lang='lat' dir='ltr'><strong>coel.</strong></span> <span class='ocrx_word' id='word_1_171' title='bbox 488 1170 540 1199; x_wconf 81' lang='lat'>25.</span> <span class='ocrx_word' id='word_1_172' title='bbox 556 1168 701 1200; x_wconf 85' lang='lat' dir='ltr'>Manutio</span> <span class='ocrx_word' id='word_1_173' title='bbox 715 1168 793 1200; x_wconf 83' lang='lat' dir='ltr'>alius</span> <span class='ocrx_word' id='word_1_174' title='bbox 807 1167 927 1201; x_wconf 84' lang='lat' dir='ltr'>videtur</span> <span class='ocrx_word' id='word_1_175' title='bbox 940 1179 959 1200; x_wconf 84' lang='lat' dir='ltr'>a</span> <span class='ocrx_word' id='word_1_176' title='bbox 973 1169 1012 1200; x_wconf 90' lang='lat' dir='ltr'>P.</span> 
     </span>
     <span class='ocr_line' id='line_1_26' title="bbox 131 1209 506 1248; baseline 0.003 -9"><span class='ocrx_word' id='word_1_177' title='bbox 131 1209 252 1240; x_wconf 85' lang='lat' dir='ltr'>Licinio</span> <span class='ocrx_word' id='word_1_178' title='bbox 262 1209 380 1248; x_wconf 85' lang='lat' dir='ltr'>Crasso,</span> <span class='ocrx_word' id='word_1_179' title='bbox 398 1210 447 1241; x_wconf 88' lang='lat' dir='ltr'>M.</span> <span class='ocrx_word' id='word_1_180' title='bbox 463 1210 506 1240; x_wconf 89' lang='lat' dir='ltr'><strong>fil.</strong></span> 
     </span>
    </p>

    <p class='ocr_par' dir='ltr' id='par_1_11' title="bbox 126 1252 1020 1495">
     <span class='ocr_line' id='line_1_27' title="bbox 170 1252 1015 1294; baseline 0.006 -13"><span class='ocrx_word' id='word_1_181' title='bbox 170 1252 302 1293; x_wconf 75' lang='lat' dir='ltr'>Ligarii,</span> <span class='ocrx_word' id='word_1_182' title='bbox 317 1252 436 1292; x_wconf 84' lang='lat' dir='ltr'>fratres,</span> <span class='ocrx_word' id='word_1_183' title='bbox 449 1253 488 1284; x_wconf 84' lang='lat' dir='ltr'>ad</span> <span class='ocrx_word' id='word_1_184' title='bbox 504 1254 579 1285; x_wconf 91' lang='lat' dir='ltr'><strong>Div.</strong></span> <span class='ocrx_word' id='word_1_185' title='bbox 593 1253 654 1293; x_wconf 94' lang='lat' dir='ltr'>VI,</span> <span class='ocrx_word' id='word_1_186' title='bbox 675 1258 722 1286; x_wconf 88' lang='lat'>13.</span> <span class='ocrx_word' id='word_1_187' title='bbox 739 1253 780 1292; x_wconf 90' lang='lat' dir='ltr'>Q.</span> <span class='ocrx_word' id='word_1_188' title='bbox 797 1254 838 1285; x_wconf 88' lang='lat' dir='ltr'>T.</span> <span class='ocrx_word' id='word_1_189' title='bbox 854 1259 883 1285; x_wconf 87' lang='lat' dir='ltr'>et</span> <span class='ocrx_word' id='word_1_190' title='bbox 897 1255 1015 1294; x_wconf 80' lang='lat' dir='ltr'>tertius,</span> 
     </span>
     <span class='ocr_line' id='line_1_28' title="bbox 126 1295 1017 1338; baseline 0.003 -13"><span class='ocrx_word' id='word_1_191' title='bbox 126 1295 214 1333; x_wconf 87' lang='lat' dir='ltr'>cujus</span> <span class='ocrx_word' id='word_1_192' title='bbox 234 1305 402 1335; x_wconf 84' lang='lat' dir='ltr'>cognomen</span> <span class='ocrx_word' id='word_1_193' title='bbox 415 1305 532 1336; x_wconf 80' lang='lat' dir='ltr'><strong>lgnoro.</strong></span> <span class='ocrx_word' id='word_1_194' title='bbox 563 1297 700 1336; x_wconf 84' lang='lat' dir='ltr'>Quintus</span> <span class='ocrx_word' id='word_1_195' title='bbox 715 1298 844 1336; x_wconf 78' lang='lat' dir='ltr'>exsulat,</span> <span class='ocrx_word' id='word_1_196' title='bbox 861 1297 913 1329; x_wconf 89' lang='lat' dir='ltr'>sed</span> <span class='ocrx_word' id='word_1_197' title='bbox 931 1308 1017 1338; x_wconf 88' lang='lat' dir='ltr'>spem</span> 
     </span>
     <span class='ocr_line' id='line_1_29' title="bbox 127 1337 1020 1382; baseline 0.004 -15"><span class='ocrx_word' id='word_1_198' title='bbox 127 1337 241 1368; x_wconf 65' lang='lat' dir='ltr'>reditus</span> <span class='ocrx_word' id='word_1_199' title='bbox 262 1338 364 1368; x_wconf 80' lang='lat' dir='ltr'><strong>habet.</strong></span> <span class='ocrx_word' id='word_1_200' title='bbox 387 1337 437 1369; x_wconf 94' lang='lat' dir='ltr'>De</span> <span class='ocrx_word' id='word_1_201' title='bbox 452 1349 488 1369; x_wconf 79' lang='lat' dir='ltr'>eo</span> <span class='ocrx_word' id='word_1_202' title='bbox 502 1349 531 1370; x_wconf 88' lang='lat' dir='ltr'>v.</span> <span class='ocrx_word' id='word_1_203' title='bbox 547 1351 667 1382; x_wconf 84' lang='lat' dir='ltr'><strong>argum.</strong></span> <span class='ocrx_word' id='word_1_204' title='bbox 687 1340 829 1371; x_wconf 83' lang='lat' dir='ltr'>orationis</span> <span class='ocrx_word' id='word_1_205' title='bbox 851 1351 899 1382; x_wconf 90' lang='lat' dir='ltr'>pr.</span> <span class='ocrx_word' id='word_1_206' title='bbox 923 1341 1020 1381; x_wconf 85' lang='lat' dir='ltr'>Liga-</span> 
     </span>
     <span class='ocr_line' id='line_1_30' title="bbox 128 1379 1020 1424; baseline 0.004 -14"><span class='ocrx_word' id='word_1_207' title='bbox 128 1379 184 1417; x_wconf 87' lang='lat' dir='ltr'>ri0,</span> <span class='ocrx_word' id='word_1_208' title='bbox 221 1385 250 1411; x_wconf 85' lang='lat' dir='ltr'>et</span> <span class='ocrx_word' id='word_1_209' title='bbox 278 1380 376 1421; x_wconf 89' lang='lat' dir='ltr'>ipsam</span> <span class='ocrx_word' id='word_1_210' title='bbox 401 1381 576 1414; x_wconf 86' lang='lat' dir='ltr'>orationem.</span> <span class='ocrx_word' id='word_1_211' title='bbox 611 1384 703 1414; x_wconf 83' lang='lat' dir='ltr'>Titus</span> <span class='ocrx_word' id='word_1_212' title='bbox 726 1388 856 1424; x_wconf 85' lang='lat' dir='ltr'>quaestor</span> <span class='ocrx_word' id='word_1_213' title='bbox 883 1384 1020 1414; x_wconf 88' lang='lat' dir='ltr'>urbanus</span> 
     </span>
     <span class='ocr_line' id='line_1_31' title="bbox 128 1421 1017 1495; baseline 0.004 -43"><span class='ocrx_word' id='word_1_214' title='bbox 128 1421 356 1495; x_wconf 50' lang='lat' dir='ltr'>{iltiILennsso</span> <span class='ocrx_word' id='word_1_215' title='bbox 373 1429 403 1455; x_wconf 84' lang='lat' dir='ltr'>et</span> <span class='ocrx_word' id='word_1_216' title='bbox 424 1424 569 1467; x_wconf 82' lang='lat' dir='ltr'>Philippo</span> <span class='ocrx_word' id='word_1_217' title='bbox 583 1437 658 1458; x_wconf 80' lang='lat' dir='ltr'>coss.</span> <span class='ocrx_word' id='word_1_218' title='bbox 676 1425 781 1468; x_wconf 87' lang='lat' dir='ltr'>Ligar.</span> <span class='ocrx_word' id='word_1_219' title='bbox 803 1428 852 1456; x_wconf 82' lang='lat'>12.</span> <span class='ocrx_word' id='word_1_220' title='bbox 875 1425 925 1457; x_wconf 88' lang='lat' dir='ltr'>Cf.</span> <span class='ocrx_word' id='word_1_221' title='bbox 946 1427 1017 1458; x_wconf 67' lang='lat' dir='ltr'>Aa.</span> 
     </span>
    </p>

    <p class='ocr_par' dir='ltr' id='par_1_12' title="bbox 227 1468 305 1503">
     <span class='ocr_line' id='line_1_32' title="bbox 227 1468 305 1503; baseline 0.013 -8"><span class='ocrx_word' id='word_1_222' title='bbox 227 1487 236 1503; x_wconf 88' lang='lat'>,</span> <span class='ocrx_word' id='word_1_223' title='bbox 253 1468 305 1496; x_wconf 83' lang='lat'>44.</span> 
     </span>
    </p>
   </div>
   <div class='ocr_carea' id='block_1_3' title="bbox 133 1508 1015 1580">
    <p class='ocr_par' dir='ltr' id='par_1_13' title="bbox 133 1508 1015 1580">
     <span class='ocr_line' id='line_1_33' title="bbox 133 1508 1015 1580; baseline -0.009 -30"><span class='ocrx_word' id='word_1_224' title='bbox 133 1508 284 1580; x_wconf 62' lang='lat' dir='ltr'>26Ligffl&#39;2</span> <span class='ocrx_word' id='word_1_225' title='bbox 300 1519 324 1539; x_wconf 79' lang='lat' dir='ltr'>S·</span> <span class='ocrx_word' id='word_1_226' title='bbox 342 1508 446 1552; x_wconf 58' lang='grc' dir='ltr'>Ῑιίὲτιδ,</span> <span class='ocrx_word' id='word_1_227' title='bbox 463 1517 507 1543; x_wconf 75' lang='lat' dir='ltr'>est</span> <span class='ocrx_word' id='word_1_228' title='bbox 521 1522 689 1554; x_wconf 84' lang='lat' dir='ltr'>cognomen</span> <span class='ocrx_word' id='word_1_229' title='bbox 704 1511 868 1544; x_wconf 86' lang='lat' dir='ltr'>AEliorum.</span> <span class='ocrx_word' id='word_1_230' title='bbox 891 1510 1015 1542; x_wconf 74' lang='lat' dir='ltr'>Cluent-</span> 
     </span>
    </p>
   </div>
   <div class='ocr_carea' id='block_1_4' title="bbox 131 1571 1016 1679">
    <p class='ocr_par' dir='ltr' id='par_1_14' title="bbox 131 1571 1016 1679">
     <span class='ocr_line' id='line_1_34' title="bbox 175 1571 1016 1636; baseline 0.01 -15"><span class='ocrx_word' id='word_1_231' title='bbox 175 1571 213 1623; x_wconf 63' lang='lat' dir='ltr'>i..</span> <span class='ocrx_word' id='word_1_232' title='bbox 230 1593 340 1634; x_wconf 65' lang='lat' dir='ltr'>Ligur,</span> <span class='ocrx_word' id='word_1_233' title='bbox 357 1594 445 1626; x_wconf 73' lang='lat' dir='ltr'><strong>verr.</strong></span> <span class='ocrx_word' id='word_1_234' title='bbox 464 1596 510 1635; x_wconf 89' lang='lat'>11,</span> <span class='ocrx_word' id='word_1_235' title='bbox 528 1599 578 1630; x_wconf 81' lang='lat'>48.</span> <span class='ocrx_word' id='word_1_236' title='bbox 603 1598 669 1630; x_wconf 86' lang='lat' dir='ltr'><strong>Att.</strong></span> <span class='ocrx_word' id='word_1_237' title='bbox 685 1597 767 1636; x_wconf 83' lang='lat' dir='ltr'>vn,</span> <span class='ocrx_word' id='word_1_238' title='bbox 786 1597 835 1628; x_wconf 85' lang='lat'>18.</span> <span class='ocrx_word' id='word_1_239' title='bbox 851 1597 909 1628; x_wconf 56' lang='lat' dir='ltr'>&amp;a</span> <span class='ocrx_word' id='word_1_240' title='bbox 923 1596 1016 1629; x_wconf 70' lang='lat' dir='ltr'>frater</span> 
     </span>
     <span class='ocr_line' id='line_1_35' title="bbox 131 1634 468 1679; baseline 0.015 -14"><span class='ocrx_word' id='word_1_241' title='bbox 131 1634 183 1666; x_wconf 89' lang='lat' dir='ltr'>M.</span> <span class='ocrx_word' id='word_1_242' title='bbox 199 1634 319 1666; x_wconf 84' lang='lat' dir='ltr'>Octavii</span> <span class='ocrx_word' id='word_1_243' title='bbox 335 1637 468 1679; x_wconf 85' lang='lat' dir='ltr'>Liguris.</span> 
     </span>
    </p>
   </div>
   <div class='ocr_carea' id='block_1_5' title="bbox 174 1679 1013 1727">
    <p class='ocr_par' dir='ltr' id='par_1_15' title="bbox 174 1679 1013 1727">
     <span class='ocr_line' id='line_1_36' title="bbox 174 1679 1013 1727; baseline 0.006 -18"><span class='ocrx_word' id='word_1_244' title='bbox 174 1679 250 1709; x_wconf 76' lang='lat' dir='ltr'><strong>Sext.</strong></span> <span class='ocrx_word' id='word_1_245' title='bbox 277 1680 387 1721; x_wconf 77' lang='lat' dir='ltr'>Ligur,</span> <span class='ocrx_word' id='word_1_246' title='bbox 415 1683 483 1715; x_wconf 90' lang='lat' dir='ltr'><strong>trib.</strong></span> <span class='ocrx_word' id='word_1_247' title='bbox 508 1685 550 1726; x_wconf 84' lang='lat' dir='ltr'>pl.</span> <span class='ocrx_word' id='word_1_248' title='bbox 577 1686 630 1727; x_wconf 86' lang='lat' dir='ltr'>qui</span> <span class='ocrx_word' id='word_1_249' title='bbox 657 1684 751 1725; x_wconf 81' lang='lat' dir='ltr'>(anno</span> <span class='ocrx_word' id='word_1_250' title='bbox 778 1682 940 1723; x_wconf 79' lang='lat' dir='ltr'>Clodiano)</span> <span class='ocrx_word' id='word_1_251' title='bbox 956 1681 1013 1715; x_wconf 85' lang='lat' dir='ltr'>sibi</span> 
     </span>
    </p>
   </div>
  </div>
 </body>
</html>
