1122 1868
138 70 197 99 120
351 68 503 100 INDEX
526 69 813 101 HISTORICUS.

136 164 243 185 omnes
266 153 424 186 historicos
440 155 608 193 Romanos,
625 156 656 185 in
677 156 725 186 his
741 155 908 193 Albinum,
926 155 980 196 qui
1004 161 1033 186 et

136 198 202 238 ipse
229 197 335 228 Graece
362 199 490 239 scripsit,
509 200 573 237 ejus
597 199 716 229 nullam
740 198 929 229 mentionem
954 198 1034 229 fecit.

137 241 217 279 Ejus
238 251 316 281 opus
344 241 493 272 Claudius
512 242 660 271 Latinum
682 242 763 277 fecit,
785 248 819 272 ut
835 247 919 281 patet
934 252 950 271 e
965 241 1036 272 Liv.

137 283 252 319 XXV,
278 284 341 317 39:
367 285 419 314 ubi
446 296 474 314 v.
502 284 665 314 Dukerum
687 291 716 315 et
734 284 892 314 Drakenb.
918 284 955 314 de
978 284 1036 314 hoc

141 326 254 356 Acilio.
278 326 338 357 Sed
353 327 398 356 nil
412 337 595 368 magnopere
607 334 714 368 praeter
729 329 916 367 conjecturas
931 326 1037 357 afferre

141 369 221 399 licet.

185 413 319 449 Acrion,
336 412 405 442 Fin.
420 413 451 443 V
454 436 463 449 ,
479 416 532 449 29,
545 414 714 451 Locrensis,
730 414 951 454 Pythagoreus,
965 412 1038 442 Pla-

142 456 221 486 tonis
237 456 432 495 temporibus.
458 457 584 486 Nemini
603 463 711 497 praeter
724 457 899 487 Ciceronem
920 465 1038 486 memo-

133 505 237 533 ratur,
256 498 338 538 quod
354 499 458 535 sciam,
476 500 533 529 nisi
552 500 674 530 Valerio
688 500 736 530 M.
750 511 787 530 ex
799 500 856 529 hoc
870 500 935 539 ipso
952 498 1038 528 Cice-

135 542 217 571 ronis
243 541 317 571 loco.
342 541 402 572 Sed
425 542 467 572 ibi
491 542 578 572 codd.
602 549 631 572 et
647 543 713 572 edd.
732 542 895 583 praeferunt
915 541 1036 576 Ari0n;

135 590 164 614 et
187 585 257 624 plus
275 583 375 614 tribuo
397 584 559 621 Ciceroni,
583 587 708 625 ejusque
729 585 814 615 codd.
840 594 933 625 quam
955 593 1039 614 com-

135 627 257 667 pilatori
286 626 410 657 Valerio
421 639 428 647 ·
458 629 579 658 Nomen
610 629 708 657 Arion
737 627 838 657 notius
861 633 916 663 est,
943 635 1037 667 quam

135 670 264 705 Acrion,
278 670 360 710 quod
377 671 567 711 corruptioni
582 671 684 700 locum
699 671 778 701 fecit.

183 714 304 747 Actius,
322 723 344 742 s.
366 714 491 749 Attius,
516 714 698 751 Dionysius,
722 713 760 743 ad
783 713 855 743 Div.
878 711 961 749 XII,
986 712 1039 742 30.

137 755 199 785 Pro
215 756 334 791 Aelius,
368 754 522 786 Corradus
547 764 576 787 et
597 757 759 786 Manutius
780 756 935 785 malebant
953 755 1039 784 Atti-

140 808 196 828 cus
208 814 218 834 ;
243 804 278 828 ut
305 798 343 827 sit
365 798 412 828 M.
432 799 620 839 Pomponius
642 799 764 829 Atticus
785 797 962 838 Dionysius,
979 807 1039 827 set·

142 851 197 871 vus
213 841 382 875 Ciceronis
399 841 430 871 in
448 842 544 872 Attici
561 842 689 882 gratiam
705 841 842 871 libertate
858 841 995 870 donatus.

187 886 221 914 C.
241 884 374 919 Aculeo
399 884 436 914 de
453 885 541 915 Orat.
560 886 588 920 Ι
604 886 656 919 43,
671 894 761 925 eques
778 885 870 914 Rom.
889 890 976 913 acuto
991 883 1039 913 in-

141 927 244 967 genio,
262 933 292 956 et
315 927 392 965 juris
409 927 455 957 civ
456 928 504 957 ilis
522 926 1039 968 peritissimus-Ibid.11,1‚pro-

143 970 281 1010 pinquus
309 969 474 1006 Ciceronis,
511 981 644 1011 quocum
673 976 736 1000 erat
762 969 826 1000 Cic.
853 975 1035 999 matertera:

144 1012 227 1042 unde
245 1012 321 1042 filios
337 1013 402 1050 ejus
419 1014 611 1043 consobrinos
626 1023 694 1043 suos
709 1018 803 1043 vocat.
822 1012 901 1042 Ibid.
919 1012 966 1048 ΙΙ,
983 1012 1037 1046 65,

145 1066 164 1085 a
181 1055 291 1085 Crasso
307 1055 489 1086 defenditur.
507 1057 595 1086 Brut.
610 1057 662 1091 76,
679 1061 763 1096 pater
776 1054 814 1086 C.
828 1055 856 1085 V
860 1054 948 1085 isellii
958 1054 1039 1085 Var-

147 1108 239 1128 ronis.

188 1142 348 1178 Acusilas,
373 1141 410 1170 de
436 1141 524 1172 Orat.
551 1141 601 1178 II,
631 1142 682 1177 12,
707 1141 855 1181 Argivus,
880 1139 1039 1170 historicus

146 1194 207 1214 non
224 1184 396 1214 indisertus.
421 1183 510 1215 Vixit
522 1190 590 1215 ante
607 1184 722 1214 bellum
738 1183 1039 1223 Peloponnesiacum,

147 1232 269 1257 auctore
294 1227 444 1268 Dionysio
475 1227 710 1263 Halicarnassio,
734 1226 771 1256 de
791 1226 932 1266 Thucyd.
958 1225 1039 1256 Cha-

147 1276 220 1300 ract.
240 1269 393 1309 Diogenes
419 1270 522 1300 Lam.
539 1271 567 1305 I,
584 1271 637 1307 41,
655 1270 746 1299 Cabae
761 1279 784 1299 s.
802 1270 921 1299 Scabrae
940 1268 1039 1298 filium

148 1313 232 1349 facit,
250 1319 279 1342 et
303 1323 321 1342 a
336 1313 492 1343 nonnullis
515 1320 748 1342 annumeratum
767 1318 882 1352 septem
899 1310 1041 1351 sapienti-

150 1356 207 1384 bus
224 1355 323 1385 tradit.
348 1356 421 1386 Vid.
438 1355 474 1386 de
492 1366 526 1386 eo
546 1356 691 1386 Jonsium
714 1355 751 1385 de
771 1354 869 1394 script.
891 1354 933 1384 H.
956 1354 991 1384 P.
1010 1352 1038 1389 Ι,

153 1398 182 1435 1,
200 1398 228 1427 6.
255 1398 380 1439 Menag.
398 1398 436 1428 ad
463 1399 565 1429 Laert.
587 1409 617 1439 p.
640 1398 690 1428 24.
715 1397 805 1428 Voss.
823 1397 860 1427 de
881 1396 963 1427 Hist.
981 1395 1036 1425 Gr.

151 1439 180 1479 Ι,
202 1444 228 1476 l,
247 1442 277 1476 2,
297 1440 356 1477 lV,
374 1443 403 1471 2.

194 1483 345 1519 Acusius,
363 1484 401 1514 ad
417 1483 484 1515 Att.
500 1484 564 1521 XI,
582 1487 635 1523 23,
652 1482 802 1514 Rhodius.

195 1526 366 1562 Aemilius,
384 1527 422 1557 ad
438 1527 506 1557 Att.
527 1527 552 1563 I,
570 1530 599 1556 4.

195 1570 352 1603 AEacides,
369 1569 406 1599 de
419 1569 491 1600 Div.
508 1570 555 1606 ΙΙ,
573 1570 625 1607 56,
643 1569 706 1600 Off.
723 1568 751 1605 Ι,
771 1569 821 1605 13,
832 1574 875 1599 est
890 1567 1039 1609 Pyrrhus.

195 1612 243 1641 M.
256 1613 418 1647 AEhucius,
432 1612 530 1643 Flacc.
550 1614 600 1647 37.

194 1656 267 1685 Sem.
285 1656 446 1693 AEbutius,
464 1665 518 1695 pro
536 1654 615 1686 Caec.
637 1658 664 1691 l,
681 1659 833 1685 accusator
845 1653 982 1684 Caecinae.

149 1698 314 1769 ffl.AE⁶t‘¹⁵'
339 1697 368 1727 T
372 1708 433 1727 usc.
465 1698 533 1735 III,
563 1699 612 1734 12,
641 1697 761 1728 Medeae
784 1702 879 1737 pater,
907 1703 935 1726 et
961 1695 1041 1725 Solis

185 1750 240 1770 ius.
