1137 1848
335 36 485 70 INDEX
508 38 797 72 HISTORICUS.
945 40 1009 75 227

125 123 208 197 {figi}
228 123 316 155 facile
341 123 494 165 princeps,
515 125 684 156 contemnit
707 125 921 157 Chaldaeorum
936 136 1015 167 prae-

159 174 279 198 CtloneS.

170 212 354 247 Euemerus,
371 210 407 240 de
423 210 496 240 Nat.
514 210 557 240 D.
573 210 601 247 I,
615 214 665 240 42.
683 222 839 252 expressus
851 214 888 243 ab
901 212 1012 243 Ennio.

127 253 169 283 V.
186 253 372 283 Columnam
388 253 426 283 ad
441 253 551 294 fragm.
575 254 671 284 Ennii
692 265 721 295 p.
739 259 811 285 31⁴2.
839 256 884 286 ed.
901 256 1017 285 VVetst.

127 296 297 327 Historiam
322 295 460 326 Deorum
491 297 661 337 composuit
691 307 728 327 ex
758 298 1014 338 inscriptionibus,

128 349 197 379 quae
218 338 249 368 in
266 339 385 379 templis
405 339 596 369 habebantur
620 339 746 380 aliisque
761 341 843 376 locis,
867 341 1018 381 imprimis

129 382 292 412 Pancha‘iae
310 381 416 417 Indjae,
433 381 537 412 fictitia
561 388 663 412 tamen
688 383 771 412 haud
795 383 895 414 dubie.
932 384 1016 413 Nam

129 435 197 465 quae
220 424 376 455 Diodorus
393 425 423 454 S.
441 424 481 455 V.
509 436 540 465 p.
559 429 632 456 318.
654 425 691 455 de
713 426 748 455 ea
771 426 872 461 habet,
898 437 936 457 ex
952 426 1018 455 Eu-

129 478 229 497 emero
245 474 346 498 sumta
362 473 444 503 sunt,
455 473 490 497 ut
505 469 582 498 bene
598 474 701 498 monet
712 468 944 509 VVesselingius.
970 469 1019 498 De

130 510 165 540 ea
180 521 211 541 re
226 517 315 541 notus
338 516 382 540 est
404 511 487 540 locus
504 511 642 541 Lactant.
660 510 687 548 I,
707 515 754 541 ll.
779 511 898 542 Atheus
923 512 1020 542 dictus

131 559 186 590 est,
203 554 286 594 quod
302 558 349 587 (ut
365 553 455 583 refert
471 553 642 592 Plutarch.)
667 555 704 584 de
725 553 797 584 Isid.
814 560 843 584 et
859 554 972 585 Osirid.
988 565 1019 594 p.

130 595 209 635 360)
244 596 394 633 Deorum,
411 595 464 636 qui
491 598 688 636 putabantur,
704 597 830 627 nomina
849 597 888 627 ad
911 603 1022 627 veteres

131 638 337 680 imperatores,
354 649 449 679 reges,
478 639 654 676 navarchos,
683 640 794 670 retulit.
828 640 925 670 Locos
941 646 1022 669 vete-

132 691 199 711 rum
216 682 329 711 multos
345 682 381 711 de
401 691 436 712 eo
451 682 578 712 attulere
594 682 741 713 Davisius
760 689 789 712 et
808 683 962 713 Buherius
983 682 1022 712 ad

133 723 197 755 Cic.
215 725 235 754 1.
253 735 277 754 c.
305 724 477 755 Familiaris
492 725 552 754 fuit
566 725 644 764 regis
660 725 833 762 Cassandri,
850 732 886 756 ut
901 736 939 756 ex
955 725 1022 755 Eu-

132 768 214 797 sebio
230 767 415 797 demonstrat
428 766 566 803 Vossius,
578 768 614 797 de
626 767 710 798 Post.
724 768 819 798 Graec.
831 779 856 798 e.
870 770 898 798 8.
910 779 946 798 ex
961 777 1022 808 quo

133 816 204 840 aetas
220 811 284 849 ejus
300 810 399 850 colligi
415 815 521 850 potest.
544 810 629 840 Add.
641 811 769 841 Casaub.
787 811 825 840 ad
837 812 976 841 strabon.
993 810 1020 846 I,

133 863 164 893 p.
191 854 243 888 47.
269 853 414 883 Sevinum
441 852 525 883 Diss.
552 853 589 883 de
613 853 766 884 Euemero
791 853 824 883 in
847 854 1020 884 Comment.

134 895 231 926 Acad.
250 895 345 926 Inscr.
361 896 401 925 T.
421 895 482 925 XI.

178 940 293 975 Euius,
312 939 410 968 Flacc.
426 942 476 969 25.
493 938 642 969 Bacchus.

179 983 388 1018 Eumenidas,
406 981 608 1021 Halicyensis,
627 982 713 1011 Verr.
730 981 792 1020 VI,
813 982 843 1017 7.

179 1025 380 1062 Eumenides,
405 1025 480 1055 Nat.
504 1024 548 1054 D.
565 1025 632 1063 III,
658 1025 705 1055 18.
727 1035 832 1055 earum
856 1024 963 1055 fanum
980 1030 1024 1055 est

135 1067 274 1099 Athenis.

180 1112 346 1147 Eumelus,
364 1111 407 1141 N.
424 1110 466 1140 D.
483 1109 548 1148 III,
566 1113 617 1140 21.
631 1110 711 1141 filius
728 1110 825 1140 Atrei.

181 1155 376 1194 Euphorion,
402 1153 620 1189 Chalcidensis,
644 1154 681 1183 de
706 1153 845 1191 Div.11,
871 1153 922 1183 64.
938 1152 1028 1194 po'eta

136 1197 268 1237 tragicus
283 1197 374 1227 nimis
386 1198 539 1227 obscurus.
566 1197 592 1227 V
596 1197 652 1226 ixit
668 1197 853 1237 temporibus
870 1196 1028 1226 Ptolemaei

138 1239 310 1280 Euergetae.
328 1240 421 1270 Tusc.
439 1238 503 1277 III,
521 1243 568 1270 19.
591 1239 797 1280 Euphorionis
811 1245 954 1269 cantores.
978 1238 1028 1269 De

140 1292 175 1312 eo
190 1293 218 1312 v.
236 1283 365 1313 Salmas.
389 1282 429 1312 ad
449 1282 544 1313 Solin.
568 1293 601 1323 p.
619 1283 692 1312 601.
705 1283 734 1312 b.
752 1282 882 1312 Casaub.
898 1282 938 1312 ad
953 1282 1029 1313 Sue-

139 1330 201 1355 ton.
220 1325 292 1355 Tib.
310 1326 361 1360 70.

182 1369 383 1407 Eupolemus,
400 1367 586 1404 Calactinus,
605 1366 693 1398 Verr.
706 1367 748 1406 V,
766 1371 818 1398 22.

185 1413 328 1450 Eupolis,
341 1411 431 1441 Brut.
444 1413 473 1442 9.
492 1411 599 1441 veteris
611 1411 764 1441 comoediae
775 1411 872 1452 poeta.
889 1409 953 1440 Att.
966 1408 1028 1447 VI,

143 1457 171 1484 l.
185 1463 224 1484 an
240 1455 278 1483 ab
294 1453 454 1484 Alcibiade
477 1454 509 1483 in
533 1463 617 1484 mare
633 1454 765 1494 dejectus
786 1454 834 1485 sit.
870 1453 960 1484 Brut.
979 1455 1029 1483 15.

143 1496 290 1527 Periclem
307 1497 421 1527 laudat.

186 1540 367 1579 Euripides,
384 1540 477 1570 Tusc.
496 1538 562 1577 III,
585 1542 635 1569 13.
646 1537 839 1580 Anaxagorae
854 1538 1031 1580 discipulus.

143 1581 237 1612 Tusc.
254 1582 316 1620 IV,
332 1584 384 1613 29.
405 1588 464 1613 tres
486 1583 601 1623 primos
616 1592 718 1613 versus
734 1582 851 1613 Orestis
865 1583 930 1622 ejus
944 1581 1033 1612 valde

143 1626 252 1666 probat
267 1625 415 1663 Socrates,
433 1626 490 1656 διο.
511 1626 568 1656 &c.

186 1668 328 1706 Europa,
344 1667 376 1698 in
391 1674 478 1698 tauro
493 1668 607 1700 sedens.
625 1667 713 1701 Verr.
727 1668 771 1708 V,
787 1668 838 1699 60.

188 1711 367 1751 Eurydica,
384 1710 455 1743 Div.
473 1709 501 1752 1,
518 1713 570 1743 20.
