<?xml version="1.0" encoding="UTF-8"?>
<!DOCTYPE html PUBLIC "-//W3C//DTD XHTML 1.0 Transitional//EN"
    "http://www.w3.org/TR/xhtml1/DTD/xhtml1-transitional.dtd">
<html xmlns="http://www.w3.org/1999/xhtml" xml:lang="en" lang="en">
 <head>
  <title>
</title>
<meta http-equiv="Content-Type" content="text/html;charset=utf-8" />
  <meta name='ocr-system' content='tesseract 3.04.00' />
  <meta name='ocr-capabilities' content='ocr_page ocr_carea ocr_par ocr_line ocrx_word'/>
</head>
<body>
  <div class='ocr_page' id='page_1' title='image "./operaern12ciceuoft_0249.png"; bbox 0 0 1137 1848; ppageno 0'>
   <div class='ocr_carea' id='block_1_1' title="bbox 352 58 1025 94">
    <p class='ocr_par' dir='ltr' id='par_1_1' title="bbox 352 58 1025 94">
     <span class='ocr_line' id='line_1_1' title="bbox 352 58 1025 94; baseline 0.003 -2"><span class='ocrx_word' id='word_1_1' title='bbox 352 61 501 92; x_wconf 87' lang='lat' dir='ltr'>INDEX</span> <span class='ocrx_word' id='word_1_2' title='bbox 525 60 811 92; x_wconf 86' lang='lat' dir='ltr'><strong>HISTORICUS.</strong></span> <span class='ocrx_word' id='word_1_3' title='bbox 962 58 1025 94; x_wconf 79' lang='lat'>237</span> 
     </span>
    </p>
   </div>
   <div class='ocr_carea' id='block_1_2' title="bbox 141 144 1034 1774">
    <p class='ocr_par' dir='ltr' id='par_1_2' title="bbox 141 144 1027 270">
     <span class='ocr_line' id='line_1_2' title="bbox 142 144 1024 188; baseline -0.002 -12"><span class='ocrx_word' id='word_1_4' title='bbox 142 147 194 178; x_wconf 88' lang='grc'>59.</span> <span class='ocrx_word' id='word_1_5' title='bbox 210 146 298 177; x_wconf 88' lang='lat' dir='ltr'>Idem</span> <span class='ocrx_word' id='word_1_6' title='bbox 308 152 359 183; x_wconf 82' lang='lat' dir='ltr'>est,</span> <span class='ocrx_word' id='word_1_7' title='bbox 376 147 430 188; x_wconf 89' lang='lat' dir='ltr'>qui</span> <span class='ocrx_word' id='word_1_8' title='bbox 445 146 684 183; x_wconf 84' lang='lat' dir='ltr'>commendatur,</span> <span class='ocrx_word' id='word_1_9' title='bbox 700 157 771 178; x_wconf 88' lang='lat' dir='ltr'>cum</span> <span class='ocrx_word' id='word_1_10' title='bbox 787 146 822 177; x_wconf 94' lang='lat' dir='ltr'><strong>C.</strong></span> <span class='ocrx_word' id='word_1_11' title='bbox 836 145 938 182; x_wconf 82' lang='lat' dir='ltr'>fratre,</span> <span class='ocrx_word' id='word_1_12' title='bbox 951 144 1024 174; x_wconf 84' lang='lat' dir='ltr'>Aci-</span> 
     </span>
     <span class='ocr_line' id='line_1_3' title="bbox 141 188 1027 230; baseline -0.002 -11"><span class='ocrx_word' id='word_1_13' title='bbox 141 189 184 219; x_wconf 84' lang='lat' dir='ltr'>h&#39;o</span> <span class='ocrx_word' id='word_1_14' title='bbox 199 189 307 220; x_wconf 87' lang='lat' dir='ltr'>Siciliae</span> <span class='ocrx_word' id='word_1_15' title='bbox 321 200 435 230; x_wconf 89' lang='lat' dir='ltr'>procos.</span> <span class='ocrx_word' id='word_1_16' title='bbox 454 190 492 220; x_wconf 85' lang='lat' dir='ltr'>ad</span> <span class='ocrx_word' id='word_1_17' title='bbox 506 190 578 220; x_wconf 83' lang='lat' dir='ltr'><strong>Div.</strong></span> <span class='ocrx_word' id='word_1_18' title='bbox 600 189 704 228; x_wconf 83' lang='lat' dir='ltr'><strong>XIII,</strong></span> <span class='ocrx_word' id='word_1_19' title='bbox 723 193 773 220; x_wconf 81' lang='grc'>31.</span> <span class='ocrx_word' id='word_1_20' title='bbox 796 190 846 219; x_wconf 87' lang='lat' dir='ltr'>An</span> <span class='ocrx_word' id='word_1_21' title='bbox 867 199 904 219; x_wconf 82' lang='lat' dir='ltr'>ex</span> <span class='ocrx_word' id='word_1_22' title='bbox 920 188 967 218; x_wconf 90' lang='lat' dir='ltr'>his</span> <span class='ocrx_word' id='word_1_23' title='bbox 983 193 1027 217; x_wconf 82' lang='lat' dir='ltr'>est</span> 
     </span>
     <span class='ocr_line' id='line_1_4' title="bbox 142 231 643 270; baseline 0.004 -8"><span class='ocrx_word' id='word_1_24' title='bbox 142 231 300 262; x_wconf 86' lang='lat' dir='ltr'>foenerator</span> <span class='ocrx_word' id='word_1_25' title='bbox 314 232 376 269; x_wconf 88' lang='lat' dir='ltr'>ille,</span> <span class='ocrx_word' id='word_1_26' title='bbox 392 233 460 263; x_wconf 84' lang='lat' dir='ltr'><strong>Att.</strong></span> <span class='ocrx_word' id='word_1_27' title='bbox 479 232 560 270; x_wconf 85' lang='lat' dir='ltr'>XII,</span> <span class='ocrx_word' id='word_1_28' title='bbox 581 235 615 264; x_wconf 87' lang='lat'>17</span> <span class='ocrx_word' id='word_1_29' title='bbox 630 235 643 263; x_wconf 68' lang='grc' dir='ltr'><em>Ρ</em></span> 
     </span>
    </p>

    <p class='ocr_par' dir='ltr' id='par_1_3' title="bbox 142 274 1028 487">
     <span class='ocr_line' id='line_1_5' title="bbox 185 274 1025 316; baseline -0.002 -12"><span class='ocrx_word' id='word_1_30' title='bbox 185 275 227 305; x_wconf 87' lang='lat' dir='ltr'><strong>L.</strong></span> <span class='ocrx_word' id='word_1_31' title='bbox 251 276 393 313; x_wconf 70' lang='lat' dir='ltr'>Flavius,</span> <span class='ocrx_word' id='word_1_32' title='bbox 417 275 525 313; x_wconf 86' lang='lat' dir='ltr'><strong>Att.1‚</strong></span> <span class='ocrx_word' id='word_1_33' title='bbox 551 277 599 305; x_wconf 88' lang='grc'>18.</span> <span class='ocrx_word' id='word_1_34' title='bbox 624 277 672 306; x_wconf 89' lang='grc'>19.</span> <span class='ocrx_word' id='word_1_35' title='bbox 692 275 761 305; x_wconf 85' lang='lat' dir='ltr'><strong>trib.</strong></span> <span class='ocrx_word' id='word_1_36' title='bbox 791 275 832 316; x_wconf 89' lang='lat' dir='ltr'>pl.</span> <span class='ocrx_word' id='word_1_37' title='bbox 851 274 978 304; x_wconf 81' lang='lat' dir='ltr'>Metello</span> <span class='ocrx_word' id='word_1_38' title='bbox 995 279 1025 302; x_wconf 86' lang='lat' dir='ltr'>et</span> 
     </span>
     <span class='ocr_line' id='line_1_6' title="bbox 143 316 1025 358; baseline -0.002 -12"><span class='ocrx_word' id='word_1_39' title='bbox 143 316 274 348; x_wconf 88' lang='lat' dir='ltr'>Afranio</span> <span class='ocrx_word' id='word_1_40' title='bbox 299 328 373 348; x_wconf 84' lang='lat' dir='ltr'>coss.</span> <span class='ocrx_word' id='word_1_41' title='bbox 398 319 584 358; x_wconf 86' lang='lat' dir='ltr'>rogationem</span> <span class='ocrx_word' id='word_1_42' title='bbox 607 319 771 358; x_wconf 85' lang='lat' dir='ltr'>Agrariam</span> <span class='ocrx_word' id='word_1_43' title='bbox 797 319 864 353; x_wconf 84' lang='lat' dir='ltr'>fert,</span> <span class='ocrx_word' id='word_1_44' title='bbox 890 317 941 346; x_wconf 82' lang='lat' dir='ltr'>sed</span> <span class='ocrx_word' id='word_1_45' title='bbox 964 325 1025 345; x_wconf 93' lang='lat' dir='ltr'>non</span> 
     </span>
     <span class='ocr_line' id='line_1_7' title="bbox 143 359 1024 400; baseline -0.005 -10"><span class='ocrx_word' id='word_1_46' title='bbox 143 360 264 400; x_wconf 83' lang='lat' dir='ltr'><strong>perfert.</strong></span> <span class='ocrx_word' id='word_1_47' title='bbox 290 361 329 391; x_wconf 91' lang='lat' dir='ltr'>V.</span> <span class='ocrx_word' id='word_1_48' title='bbox 358 361 450 390; x_wconf 91' lang='lat' dir='ltr'>Dion.</span> <span class='ocrx_word' id='word_1_49' title='bbox 472 361 655 398; x_wconf 82' lang='lat' dir='ltr'><strong>XXXVII,</strong></span> <span class='ocrx_word' id='word_1_50' title='bbox 680 364 732 391; x_wconf 76' lang='lat'><strong>52.</strong></span> <span class='ocrx_word' id='word_1_51' title='bbox 766 360 807 398; x_wconf 87' lang='lat' dir='ltr'><strong>Q.</strong></span> <span class='ocrx_word' id='word_1_52' title='bbox 835 361 887 390; x_wconf 87' lang='lat' dir='ltr'><strong>Fr.</strong></span> <span class='ocrx_word' id='word_1_53' title='bbox 902 359 929 395; x_wconf 78' lang='lat'>1,</span> <span class='ocrx_word' id='word_1_54' title='bbox 947 364 977 388; x_wconf 75' lang='lat'><strong>2.</strong></span> <span class='ocrx_word' id='word_1_55' title='bbox 994 361 1024 387; x_wconf 66' lang='lat' dir='ltr'><strong>Q.</strong></span> 
     </span>
     <span class='ocr_line' id='line_1_8' title="bbox 142 400 1028 444; baseline -0.002 -12"><span class='ocrx_word' id='word_1_56' title='bbox 142 409 252 443; x_wconf 83' lang='lat' dir='ltr'><strong>praetor</strong></span> <span class='ocrx_word' id='word_1_57' title='bbox 275 403 459 444; x_wconf 86' lang='lat' dir='ltr'>designatus,</span> <span class='ocrx_word' id='word_1_58' title='bbox 482 403 600 435; x_wconf 86' lang='lat' dir='ltr'>Caesare</span> <span class='ocrx_word' id='word_1_59' title='bbox 620 410 649 433; x_wconf 84' lang='lat' dir='ltr'>et</span> <span class='ocrx_word' id='word_1_60' title='bbox 664 404 778 434; x_wconf 87' lang='lat' dir='ltr'><strong>Bibulo</strong></span> <span class='ocrx_word' id='word_1_61' title='bbox 799 414 871 433; x_wconf 85' lang='lat' dir='ltr'>coss.</span> <span class='ocrx_word' id='word_1_62' title='bbox 896 403 964 432; x_wconf 78' lang='lat' dir='ltr'><strong>Att.</strong></span> <span class='ocrx_word' id='word_1_63' title='bbox 982 400 1028 439; x_wconf 83' lang='lat' dir='ltr'>X,</span> 
     </span>
     <span class='ocr_line' id='line_1_9' title="bbox 148 445 825 487; baseline -0.001 -11"><span class='ocrx_word' id='word_1_64' title='bbox 148 449 175 476; x_wconf 82' lang='lat'><strong>1.</strong></span> <span class='ocrx_word' id='word_1_65' title='bbox 191 445 217 475; x_wconf 89' lang='lat' dir='ltr'>ei</span> <span class='ocrx_word' id='word_1_66' title='bbox 227 456 245 475; x_wconf 89' lang='lat' dir='ltr'>a</span> <span class='ocrx_word' id='word_1_67' title='bbox 262 445 380 477; x_wconf 85' lang='lat' dir='ltr'>Caesare</span> <span class='ocrx_word' id='word_1_68' title='bbox 394 447 473 487; x_wconf 86' lang='lat' dir='ltr'>legio</span> <span class='ocrx_word' id='word_1_69' title='bbox 489 453 518 477; x_wconf 86' lang='lat' dir='ltr'>et</span> <span class='ocrx_word' id='word_1_70' title='bbox 533 447 635 477; x_wconf 70' lang='lat' dir='ltr'>Sicilia</span> <span class='ocrx_word' id='word_1_71' title='bbox 649 447 825 477; x_wconf 87' lang='lat' dir='ltr'>destinatur.</span> 
     </span>
    </p>

    <p class='ocr_par' dir='ltr' id='par_1_4' title="bbox 189 488 925 530">
     <span class='ocr_line' id='line_1_10' title="bbox 189 488 925 530; baseline -0.003 -12"><span class='ocrx_word' id='word_1_72' title='bbox 189 488 226 523; x_wconf 81' lang='lat' dir='ltr'><strong>Q.</strong></span> <span class='ocrx_word' id='word_1_73' title='bbox 243 491 386 527; x_wconf 74' lang='lat' dir='ltr'>Flavius,</span> <span class='ocrx_word' id='word_1_74' title='bbox 401 490 642 530; x_wconf 73' lang='lat' dir='ltr'>Tarquiniensis,</span> <span class='ocrx_word' id='word_1_75' title='bbox 660 490 750 520; x_wconf 84' lang='lat' dir='ltr'>Rosc.</span> <span class='ocrx_word' id='word_1_76' title='bbox 767 489 856 519; x_wconf 88' lang='lat' dir='ltr'>Com.</span> <span class='ocrx_word' id='word_1_77' title='bbox 876 492 887 518; x_wconf 91' lang='lat' dir='ltr'>l</span> <span class='ocrx_word' id='word_1_78' title='bbox 901 490 925 516; x_wconf 94' lang='grc'>1.</span> 
     </span>
    </p>

    <p class='ocr_par' dir='ltr' id='par_1_5' title="bbox 186 532 964 571">
     <span class='ocr_line' id='line_1_11' title="bbox 186 532 964 571; baseline -0.005 -9"><span class='ocrx_word' id='word_1_79' title='bbox 186 532 296 569; x_wconf 85' lang='lat' dir='ltr'>Flora,</span> <span class='ocrx_word' id='word_1_80' title='bbox 309 532 420 562; x_wconf 83' lang='lat' dir='ltr'>Mater.</span> <span class='ocrx_word' id='word_1_81' title='bbox 434 532 522 562; x_wconf 81' lang='lat' dir='ltr'><strong>Verr.</strong></span> <span class='ocrx_word' id='word_1_82' title='bbox 536 532 597 567; x_wconf 76' lang='lat' dir='ltr'>VI,</span> <span class='ocrx_word' id='word_1_83' title='bbox 617 536 666 562; x_wconf 83' lang='lat'>14.</span> <span class='ocrx_word' id='word_1_84' title='bbox 684 533 748 571; x_wconf 88' lang='lat' dir='ltr'>ejus</span> <span class='ocrx_word' id='word_1_85' title='bbox 763 532 830 562; x_wconf 86' lang='lat' dir='ltr'>Iudi</span> <span class='ocrx_word' id='word_1_86' title='bbox 845 532 964 562; x_wconf 81' lang='lat' dir='ltr'><strong>Romae.</strong></span> 
     </span>
    </p>

    <p class='ocr_par' dir='ltr' id='par_1_6' title="bbox 185 575 686 611">
     <span class='ocr_line' id='line_1_12' title="bbox 185 575 686 611; baseline 0.002 -7"><span class='ocrx_word' id='word_1_87' title='bbox 185 575 323 611; x_wconf 74' lang='lat' dir='ltr'>Florius,</span> <span class='ocrx_word' id='word_1_88' title='bbox 342 575 464 606; x_wconf 87' lang='lat' dir='ltr'>Cluent.</span> <span class='ocrx_word' id='word_1_89' title='bbox 481 577 531 606; x_wconf 79' lang='lat'><strong>59.</strong></span> <span class='ocrx_word' id='word_1_90' title='bbox 549 575 686 605; x_wconf 85' lang='lat' dir='ltr'>Larinas.</span> 
     </span>
    </p>

    <p class='ocr_par' dir='ltr' id='par_1_7' title="bbox 185 617 972 658">
     <span class='ocr_line' id='line_1_13' title="bbox 185 617 972 658; baseline -0.005 -10"><span class='ocrx_word' id='word_1_91' title='bbox 185 619 284 656; x_wconf 82' lang='lat' dir='ltr'>Fons,</span> <span class='ocrx_word' id='word_1_92' title='bbox 303 618 376 658; x_wconf 85' lang='lat' dir='ltr'><strong>Leg.</strong></span> <span class='ocrx_word' id='word_1_93' title='bbox 390 617 435 655; x_wconf 89' lang='lat' dir='ltr'>II,</span> <span class='ocrx_word' id='word_1_94' title='bbox 450 623 501 648; x_wconf 82' lang='lat'><strong>22.</strong></span> <span class='ocrx_word' id='word_1_95' title='bbox 529 618 635 648; x_wconf 84' lang='lat' dir='ltr'>Fontis</span> <span class='ocrx_word' id='word_1_96' title='bbox 651 628 703 648; x_wconf 83' lang='lat' dir='ltr'>ara</span> <span class='ocrx_word' id='word_1_97' title='bbox 717 628 811 658; x_wconf 86' lang='lat' dir='ltr'>prope</span> <span class='ocrx_word' id='word_1_98' title='bbox 828 617 972 647; x_wconf 82' lang='lat' dir='ltr'><strong>Romam.</strong></span> 
     </span>
    </p>

    <p class='ocr_par' dir='ltr' id='par_1_8' title="bbox 144 659 1030 734">
     <span class='ocr_line' id='line_1_14' title="bbox 186 659 1030 702; baseline -0.005 -11"><span class='ocrx_word' id='word_1_99' title='bbox 186 662 220 691; x_wconf 88' lang='lat' dir='ltr'><em>F</em></span> <span class='ocrx_word' id='word_1_100' title='bbox 218 662 318 691; x_wconf 79' lang='lat' dir='ltr'>ontez&#39;a</span> <span class='ocrx_word' id='word_1_101' title='bbox 332 672 416 699; x_wconf 73' lang='lat' dir='ltr'>gens,</span> <span class='ocrx_word' id='word_1_102' title='bbox 432 661 526 691; x_wconf 89' lang='lat' dir='ltr'>Dom.</span> <span class='ocrx_word' id='word_1_103' title='bbox 540 664 594 691; x_wconf 84' lang='lat'><strong>44.</strong></span> <span class='ocrx_word' id='word_1_104' title='bbox 614 661 742 702; x_wconf 87' lang='lat' dir='ltr'>plebeia,</span> <span class='ocrx_word' id='word_1_105' title='bbox 758 661 790 690; x_wconf 89' lang='lat' dir='ltr'>in</span> <span class='ocrx_word' id='word_1_106' title='bbox 800 670 893 701; x_wconf 86' lang='lat' dir='ltr'>quam</span> <span class='ocrx_word' id='word_1_107' title='bbox 906 659 1030 698; x_wconf 86' lang='lat' dir='ltr'>adopta-</span> 
     </span>
     <span class='ocr_line' id='line_1_15' title="bbox 144 704 405 734; baseline 0 -1"><span class='ocrx_word' id='word_1_108' title='bbox 144 709 194 734; x_wconf 77' lang='lat' dir='ltr'>tus</span> <span class='ocrx_word' id='word_1_109' title='bbox 210 711 253 734; x_wconf 85' lang='lat' dir='ltr'>est</span> <span class='ocrx_word' id='word_1_110' title='bbox 270 704 405 734; x_wconf 73' lang='lat' dir='ltr'>Clodius.</span> 
     </span>
    </p>

    <p class='ocr_par' dir='ltr' id='par_1_9' title="bbox 145 744 1031 820">
     <span class='ocr_line' id='line_1_16' title="bbox 188 744 1031 785; baseline -0.004 -8"><span class='ocrx_word' id='word_1_111' title='bbox 188 747 330 784; x_wconf 64' lang='lat' dir='ltr'>Fontem,</span> <span class='ocrx_word' id='word_1_112' title='bbox 350 746 439 777; x_wconf 85' lang='lat' dir='ltr'><strong>Font.</strong></span> <span class='ocrx_word' id='word_1_113' title='bbox 467 747 515 782; x_wconf 87' lang='grc'>17.</span> <span class='ocrx_word' id='word_1_114' title='bbox 536 756 617 776; x_wconf 88' lang='lat' dir='ltr'>soror</span> <span class='ocrx_word' id='word_1_115' title='bbox 632 746 681 777; x_wconf 85' lang='lat' dir='ltr'><strong>M.</strong></span> <span class='ocrx_word' id='word_1_116' title='bbox 698 746 829 782; x_wconf 84' lang='lat' dir='ltr'>Fonteii,</span> <span class='ocrx_word' id='word_1_117' title='bbox 853 745 937 785; x_wconf 86' lang='lat' dir='ltr'>virgo</span> <span class='ocrx_word' id='word_1_118' title='bbox 953 744 1031 775; x_wconf 73' lang='lat' dir='ltr'>Ves-</span> 
     </span>
     <span class='ocr_line' id='line_1_17' title="bbox 145 790 224 820; baseline 0 -1"><span class='ocrx_word' id='word_1_119' title='bbox 145 790 224 820; x_wconf 83' lang='lat' dir='ltr'>talis.</span> 
     </span>
    </p>

    <p class='ocr_par' dir='ltr' id='par_1_10' title="bbox 191 830 963 873">
     <span class='ocr_line' id='line_1_18' title="bbox 191 830 963 873; baseline -0.004 -10"><span class='ocrx_word' id='word_1_120' title='bbox 191 834 226 863; x_wconf 84' lang='lat' dir='ltr'><strong>C.</strong></span> <span class='ocrx_word' id='word_1_121' title='bbox 244 833 404 870; x_wconf 76' lang='lat' dir='ltr'>Fonteius,</span> <span class='ocrx_word' id='word_1_122' title='bbox 420 843 475 873; x_wconf 90' lang='lat' dir='ltr'>pro</span> <span class='ocrx_word' id='word_1_123' title='bbox 487 833 577 863; x_wconf 82' lang='lat' dir='ltr'>Font.</span> <span class='ocrx_word' id='word_1_124' title='bbox 593 833 663 862; x_wconf 78' lang='lat' dir='ltr'>4.1e</span> <span class='ocrx_word' id='word_1_125' title='bbox 685 838 751 862; x_wconf 87' lang='lat' dir='ltr'>atus</span> <span class='ocrx_word' id='word_1_126' title='bbox 768 832 816 862; x_wconf 84' lang='lat' dir='ltr'><strong>M.</strong></span> <span class='ocrx_word' id='word_1_127' title='bbox 834 830 963 861; x_wconf 83' lang='lat' dir='ltr'>Fonteii.</span> 
     </span>
    </p>

    <p class='ocr_par' dir='ltr' id='par_1_11' title="bbox 147 843 1034 1044">
     <span class='ocr_line' id='line_1_19' title="bbox 189 843 1031 915; baseline -0.004 -10"><span class='ocrx_word' id='word_1_128' title='bbox 189 877 242 905; x_wconf 89' lang='lat' dir='ltr'>M.</span> <span class='ocrx_word' id='word_1_129' title='bbox 259 877 411 912; x_wconf 68' lang='lat' dir='ltr'>fonteius,</span> <span class='ocrx_word' id='word_1_130' title='bbox 430 879 490 905; x_wconf 72' lang='lat' dir='ltr'><strong>Att.</strong></span> <span class='ocrx_word' id='word_1_131' title='bbox 510 875 570 913; x_wconf 88' lang='lat' dir='ltr'>IV,</span> <span class='ocrx_word' id='word_1_132' title='bbox 601 878 649 905; x_wconf 77' lang='grc'>15.</span> <span class='ocrx_word' id='word_1_133' title='bbox 663 843 762 907; x_wconf 49' lang='lat' dir='ltr'>{bun</span> <span class='ocrx_word' id='word_1_134' title='bbox 780 878 793 904; x_wconf 94' lang='lat'>1</span> <span class='ocrx_word' id='word_1_135' title='bbox 814 884 896 915; x_wconf 84' lang='lat' dir='ltr'><strong>seqq.</strong></span> <span class='ocrx_word' id='word_1_136' title='bbox 918 878 1031 913; x_wconf 88' lang='lat' dir='ltr'><strong>praetor</strong></span> 
     </span>
     <span class='ocr_line' id='line_1_20' title="bbox 149 918 1031 959; baseline -0.003 -11"><span class='ocrx_word' id='word_1_137' title='bbox 149 918 258 949; x_wconf 84' lang='lat' dir='ltr'>Galliae</span> <span class='ocrx_word' id='word_1_138' title='bbox 273 930 326 959; x_wconf 88' lang='lat' dir='ltr'>per</span> <span class='ocrx_word' id='word_1_139' title='bbox 347 918 511 948; x_wconf 83' lang='lat' dir='ltr'>triennium</span> <span class='ocrx_word' id='word_1_140' title='bbox 533 929 548 948; x_wconf 89' lang='lat' dir='ltr'>e</span> <span class='ocrx_word' id='word_1_141' title='bbox 563 919 706 958; x_wconf 61' lang='lat' dir='ltr'>praetura,</span> <span class='ocrx_word' id='word_1_142' title='bbox 733 928 788 958; x_wconf 89' lang='lat' dir='ltr'>pro</span> <span class='ocrx_word' id='word_1_143' title='bbox 815 927 875 958; x_wconf 90' lang='lat' dir='ltr'>quo</span> <span class='ocrx_word' id='word_1_144' title='bbox 900 922 945 946; x_wconf 80' lang='lat' dir='ltr'>est</span> <span class='ocrx_word' id='word_1_145' title='bbox 969 922 1031 945; x_wconf 83' lang='lat' dir='ltr'>tota</span> 
     </span>
     <span class='ocr_line' id='line_1_21' title="bbox 147 959 1034 1002; baseline -0.002 -12"><span class='ocrx_word' id='word_1_146' title='bbox 147 961 250 991; x_wconf 82' lang='lat' dir='ltr'>oratio.</span> <span class='ocrx_word' id='word_1_147' title='bbox 275 962 372 991; x_wconf 81' lang='lat' dir='ltr'>Filius</span> <span class='ocrx_word' id='word_1_148' title='bbox 388 962 463 1000; x_wconf 87' lang='lat' dir='ltr'>ejus,</span> <span class='ocrx_word' id='word_1_149' title='bbox 488 962 552 1002; x_wconf 89' lang='lat' dir='ltr'>qui,</span> <span class='ocrx_word' id='word_1_150' title='bbox 570 962 689 991; x_wconf 61' lang='lat' dir='ltr'>Servilii</span> <span class='ocrx_word' id='word_1_151' title='bbox 708 961 838 1001; x_wconf 66' lang='lat' dir='ltr'>legatus,</span> <span class='ocrx_word' id='word_1_152' title='bbox 855 959 965 989; x_wconf 85' lang='lat' dir='ltr'>Asculi</span> <span class='ocrx_word' id='word_1_153' title='bbox 985 959 1034 988; x_wconf 90' lang='lat' dir='ltr'>in-</span> 
     </span>
     <span class='ocr_line' id='line_1_22' title="bbox 149 1003 758 1044; baseline -0.002 -11"><span class='ocrx_word' id='word_1_154' title='bbox 149 1004 237 1034; x_wconf 77' lang='lat' dir='ltr'>teriit.</span> <span class='ocrx_word' id='word_1_155' title='bbox 253 1004 325 1035; x_wconf 82' lang='lat' dir='ltr'><strong>vid.</strong></span> <span class='ocrx_word' id='word_1_156' title='bbox 341 1003 476 1044; x_wconf 83' lang='lat' dir='ltr'>Appian.</span> <span class='ocrx_word' id='word_1_157' title='bbox 488 1005 526 1034; x_wconf 88' lang='lat' dir='ltr'><strong>B.</strong></span> <span class='ocrx_word' id='word_1_158' title='bbox 546 1003 582 1034; x_wconf 92' lang='lat' dir='ltr'>C.</span> <span class='ocrx_word' id='word_1_159' title='bbox 600 1003 626 1040; x_wconf 88' lang='lat' dir='ltr'>I,</span> <span class='ocrx_word' id='word_1_160' title='bbox 643 1015 673 1044; x_wconf 92' lang='lat' dir='ltr'>p.</span> <span class='ocrx_word' id='word_1_161' title='bbox 686 1006 758 1033; x_wconf 76' lang='lat'><strong>633.</strong></span> 
     </span>
    </p>

    <p class='ocr_par' dir='ltr' id='par_1_12' title="bbox 147 1044 1033 1130">
     <span class='ocr_line' id='line_1_23' title="bbox 190 1044 1033 1086; baseline -0.004 -9"><span class='ocrx_word' id='word_1_162' title='bbox 190 1049 228 1077; x_wconf 88' lang='lat' dir='ltr'><strong>P.</strong></span> <span class='ocrx_word' id='word_1_163' title='bbox 246 1048 400 1083; x_wconf 64' lang='lat' dir='ltr'>Fonteius,</span> <span class='ocrx_word' id='word_1_164' title='bbox 417 1047 510 1076; x_wconf 86' lang='lat' dir='ltr'>Dom.</span> <span class='ocrx_word' id='word_1_165' title='bbox 532 1051 578 1077; x_wconf 77' lang='grc'>13.</span> <span class='ocrx_word' id='word_1_166' title='bbox 596 1055 625 1077; x_wconf 81' lang='lat' dir='ltr'>et</span> <span class='ocrx_word' id='word_1_167' title='bbox 640 1049 690 1077; x_wconf 73' lang='lat'>29.</span> <span class='ocrx_word' id='word_1_168' title='bbox 707 1047 799 1076; x_wconf 88' lang='lat' dir='ltr'>homo</span> <span class='ocrx_word' id='word_1_169' title='bbox 813 1044 960 1086; x_wconf 73' lang='lat' dir='ltr'>plebeius,</span> <span class='ocrx_word' id='word_1_170' title='bbox 977 1045 1033 1085; x_wconf 88' lang='lat' dir='ltr'>qui</span> 
     </span>
     <span class='ocr_line' id='line_1_24' title="bbox 147 1088 522 1130; baseline -0.003 -11"><span class='ocrx_word' id='word_1_171' title='bbox 147 1088 183 1119; x_wconf 88' lang='lat' dir='ltr'><strong>P.</strong></span> <span class='ocrx_word' id='word_1_172' title='bbox 201 1089 343 1120; x_wconf 89' lang='lat' dir='ltr'>Clodium</span> <span class='ocrx_word' id='word_1_173' title='bbox 359 1090 522 1130; x_wconf 85' lang='lat' dir='ltr'>adoptavit.</span> 
     </span>
    </p>

    <p class='ocr_par' dir='ltr' id='par_1_13' title="bbox 147 1131 1033 1205">
     <span class='ocr_line' id='line_1_25' title="bbox 187 1131 1033 1173; baseline -0.005 -10"><span class='ocrx_word' id='word_1_174' title='bbox 187 1134 234 1163; x_wconf 77' lang='lat' dir='ltr'><em>M</em></span> <span class='ocrx_word' id='word_1_175' title='bbox 250 1133 413 1171; x_wconf 74' lang='lat' dir='ltr'>Fontinus,</span> <span class='ocrx_word' id='word_1_176' title='bbox 429 1133 498 1163; x_wconf 80' lang='lat' dir='ltr'><strong>Att.</strong></span> <span class='ocrx_word' id='word_1_177' title='bbox 515 1131 585 1172; x_wconf 60' lang='lat' dir='ltr'>1,st</span> <span class='ocrx_word' id='word_1_178' title='bbox 596 1143 650 1173; x_wconf 88' lang='lat' dir='ltr'>pro</span> <span class='ocrx_word' id='word_1_179' title='bbox 666 1143 727 1173; x_wconf 92' lang='lat' dir='ltr'>quo</span> <span class='ocrx_word' id='word_1_180' title='bbox 744 1132 895 1167; x_wconf 81' lang='lat' dir='ltr'>Graevius,</span> <span class='ocrx_word' id='word_1_181' title='bbox 911 1131 1033 1160; x_wconf 79' lang='lat' dir='ltr'>Fontei-</span> 
     </span>
     <span class='ocr_line' id='line_1_26' title="bbox 147 1186 193 1205; baseline 0 0"><span class='ocrx_word' id='word_1_182' title='bbox 147 1186 193 1205; x_wconf 81' lang='lat' dir='ltr'>us.</span> 
     </span>
    </p>

    <p class='ocr_par' dir='ltr' id='par_1_14' title="bbox 143 1217 1031 1345">
     <span class='ocr_line' id='line_1_27' title="bbox 186 1217 1031 1259; baseline -0.002 -11"><span class='ocrx_word' id='word_1_183' title='bbox 186 1220 342 1257; x_wconf 78' lang='lat' dir='ltr'>Fortuna,</span> <span class='ocrx_word' id='word_1_184' title='bbox 369 1217 441 1248; x_wconf 88' lang='lat' dir='ltr'><strong>Div.</strong></span> <span class='ocrx_word' id='word_1_185' title='bbox 460 1218 506 1258; x_wconf 91' lang='lat' dir='ltr'>II,</span> <span class='ocrx_word' id='word_1_186' title='bbox 529 1219 580 1249; x_wconf 78' lang='lat'>41.</span> <span class='ocrx_word' id='word_1_187' title='bbox 601 1219 666 1257; x_wconf 89' lang='lat' dir='ltr'>ejus</span> <span class='ocrx_word' id='word_1_188' title='bbox 691 1218 842 1259; x_wconf 80' lang='lat' dir='ltr'>templum</span> <span class='ocrx_word' id='word_1_189' title='bbox 869 1218 1031 1247; x_wconf 87' lang='lat' dir='ltr'>Praeneste.</span> 
     </span>
     <span class='ocr_line' id='line_1_28' title="bbox 143 1259 1031 1302; baseline -0.005 -10"><span class='ocrx_word' id='word_1_190' title='bbox 143 1262 208 1301; x_wconf 82' lang='lat' dir='ltr'>ejus</span> <span class='ocrx_word' id='word_1_191' title='bbox 226 1263 392 1292; x_wconf 87' lang='lat' dir='ltr'>oraculum.</span> <span class='ocrx_word' id='word_1_192' title='bbox 421 1262 499 1302; x_wconf 83' lang='lat' dir='ltr'><strong>Leg.</strong></span> <span class='ocrx_word' id='word_1_193' title='bbox 523 1262 569 1299; x_wconf 93' lang='lat' dir='ltr'>II,</span> <span class='ocrx_word' id='word_1_194' title='bbox 590 1264 638 1291; x_wconf 92' lang='grc'>11.</span> <span class='ocrx_word' id='word_1_195' title='bbox 662 1262 719 1292; x_wconf 84' lang='lat' dir='ltr'>Est</span> <span class='ocrx_word' id='word_1_196' title='bbox 740 1262 787 1291; x_wconf 90' lang='lat' dir='ltr'>vel</span> <span class='ocrx_word' id='word_1_197' title='bbox 810 1261 937 1300; x_wconf 87' lang='lat' dir='ltr'>hujusce</span> <span class='ocrx_word' id='word_1_198' title='bbox 961 1259 1031 1297; x_wconf 85' lang='lat' dir='ltr'>diei,</span> 
     </span>
     <span class='ocr_line' id='line_1_29' title="bbox 143 1305 795 1345; baseline -0.002 -11"><span class='ocrx_word' id='word_1_199' title='bbox 143 1305 191 1335; x_wconf 90' lang='lat' dir='ltr'>vel</span> <span class='ocrx_word' id='word_1_200' title='bbox 205 1305 377 1345; x_wconf 76' lang='lat' dir='ltr'>respiciens,</span> <span class='ocrx_word' id='word_1_201' title='bbox 394 1305 442 1334; x_wconf 89' lang='lat' dir='ltr'>vel</span> <span class='ocrx_word' id='word_1_202' title='bbox 457 1305 529 1341; x_wconf 84' lang='lat' dir='ltr'>fors,</span> <span class='ocrx_word' id='word_1_203' title='bbox 547 1305 593 1334; x_wconf 85' lang='lat' dir='ltr'>vel</span> <span class='ocrx_word' id='word_1_204' title='bbox 605 1305 795 1345; x_wconf 84' lang='lat' dir='ltr'>primigenia.</span> 
     </span>
    </p>

    <p class='ocr_par' dir='ltr' id='par_1_15' title="bbox 142 1344 1033 1559">
     <span class='ocr_line' id='line_1_30' title="bbox 186 1344 1031 1386; baseline -0.005 -9"><span class='ocrx_word' id='word_1_205' title='bbox 186 1348 375 1386; x_wconf 57' lang='lat' dir='ltr'>mangones,</span> <span class='ocrx_word' id='word_1_206' title='bbox 389 1348 457 1378; x_wconf 83' lang='lat' dir='ltr'><strong>Att.</strong></span> <span class='ocrx_word' id='word_1_207' title='bbox 476 1348 570 1385; x_wconf 87' lang='lat' dir='ltr'>XIV,</span> <span class='ocrx_word' id='word_1_208' title='bbox 590 1352 635 1378; x_wconf 89' lang='grc'>10.</span> <span class='ocrx_word' id='word_1_209' title='bbox 652 1357 762 1377; x_wconf 87' lang='lat' dir='ltr'>nomen</span> <span class='ocrx_word' id='word_1_210' title='bbox 778 1346 883 1376; x_wconf 82' lang='lat' dir='ltr'>militis</span> <span class='ocrx_word' id='word_1_211' title='bbox 899 1344 1031 1375; x_wconf 85' lang='lat' dir='ltr'>veterani</span> 
     </span>
     <span class='ocr_line' id='line_1_31' title="bbox 142 1390 1032 1431; baseline -0.004 -11"><span class='ocrx_word' id='word_1_212' title='bbox 142 1390 175 1420; x_wconf 87' lang='lat' dir='ltr'>in</span> <span class='ocrx_word' id='word_1_213' title='bbox 184 1391 305 1431; x_wconf 85' lang='lat' dir='ltr'>plurali.</span> <span class='ocrx_word' id='word_1_214' title='bbox 326 1390 412 1420; x_wconf 81' lang='lat' dir='ltr'>Olim</span> <span class='ocrx_word' id='word_1_215' title='bbox 424 1390 455 1420; x_wconf 88' lang='lat' dir='ltr'>in</span> <span class='ocrx_word' id='word_1_216' title='bbox 467 1391 550 1421; x_wconf 83' lang='lat' dir='ltr'>libris</span> <span class='ocrx_word' id='word_1_217' title='bbox 563 1390 717 1420; x_wconf 78' lang='lat' dir='ltr'>nonnullis</span> <span class='ocrx_word' id='word_1_218' title='bbox 730 1396 792 1420; x_wconf 84' lang='lat' dir='ltr'>erat</span> <span class='ocrx_word' id='word_1_219' title='bbox 802 1391 992 1424; x_wconf 77' lang='lat' dir='ltr'>Francones,</span> <span class='ocrx_word' id='word_1_220' title='bbox 1003 1393 1032 1417; x_wconf 90' lang='lat' dir='ltr'>et</span> 
     </span>
     <span class='ocr_line' id='line_1_32' title="bbox 144 1432 1033 1474; baseline -0.003 -12"><span class='ocrx_word' id='word_1_221' title='bbox 144 1433 182 1462; x_wconf 87' lang='lat' dir='ltr'>de</span> <span class='ocrx_word' id='word_1_222' title='bbox 197 1433 310 1474; x_wconf 88' lang='lat' dir='ltr'>populo</span> <span class='ocrx_word' id='word_1_223' title='bbox 330 1433 463 1473; x_wconf 84' lang='lat' dir='ltr'>quodam</span> <span class='ocrx_word' id='word_1_224' title='bbox 489 1434 672 1474; x_wconf 82' lang='lat' dir='ltr'>capiebatur.</span> <span class='ocrx_word' id='word_1_225' title='bbox 690 1443 718 1463; x_wconf 82' lang='lat' dir='ltr'><strong>V.</strong></span> <span class='ocrx_word' id='word_1_226' title='bbox 744 1443 768 1463; x_wconf 89' lang='lat' dir='ltr'><strong>c.</strong></span> <span class='ocrx_word' id='word_1_227' title='bbox 793 1432 942 1462; x_wconf 86' lang='lat' dir='ltr'>Rhenano</span> <span class='ocrx_word' id='word_1_228' title='bbox 958 1432 1033 1461; x_wconf 85' lang='lat' dir='ltr'><strong>Rer.</strong></span> 
     </span>
     <span class='ocr_line' id='line_1_33' title="bbox 145 1473 1032 1516; baseline -0.002 -11"><span class='ocrx_word' id='word_1_229' title='bbox 145 1476 250 1505; x_wconf 88' lang='lat' dir='ltr'><strong>Germ.</strong></span> <span class='ocrx_word' id='word_1_230' title='bbox 275 1476 328 1505; x_wconf 90' lang='lat' dir='ltr'>lib.</span> <span class='ocrx_word' id='word_1_231' title='bbox 346 1475 393 1512; x_wconf 84' lang='grc' dir='ltr'>ΙΙ,</span> <span class='ocrx_word' id='word_1_232' title='bbox 411 1487 441 1516; x_wconf 87' lang='lat' dir='ltr'><strong>p.</strong></span> <span class='ocrx_word' id='word_1_233' title='bbox 466 1487 507 1506; x_wconf 88' lang='lat' dir='ltr'>m.</span> <span class='ocrx_word' id='word_1_234' title='bbox 524 1478 595 1506; x_wconf 73' lang='lat'><strong>186.</strong></span> <span class='ocrx_word' id='word_1_235' title='bbox 617 1486 661 1516; x_wconf 91' lang='lat' dir='ltr'>sq.</span> <span class='ocrx_word' id='word_1_236' title='bbox 683 1475 736 1516; x_wconf 89' lang='lat' dir='ltr'>qui</span> <span class='ocrx_word' id='word_1_237' title='bbox 752 1486 768 1505; x_wconf 91' lang='lat' dir='ltr'>e</span> <span class='ocrx_word' id='word_1_238' title='bbox 783 1475 848 1505; x_wconf 88' lang='lat' dir='ltr'><strong>cod.</strong></span> <span class='ocrx_word' id='word_1_239' title='bbox 865 1473 1032 1504; x_wconf 86' lang='lat' dir='ltr'>Laurishe-</span> 
     </span>
     <span class='ocr_line' id='line_1_34' title="bbox 144 1519 798 1559; baseline -0.002 -11"><span class='ocrx_word' id='word_1_240' title='bbox 144 1519 255 1548; x_wconf 85' lang='lat' dir='ltr'>mensis</span> <span class='ocrx_word' id='word_1_241' title='bbox 271 1519 403 1559; x_wconf 80' lang='lat' dir='ltr'>vestigiis</span> <span class='ocrx_word' id='word_1_242' title='bbox 419 1519 597 1559; x_wconf 79' lang='lat' dir='ltr'>corrigebat,</span> <span class='ocrx_word' id='word_1_243' title='bbox 617 1520 798 1557; x_wconf 67' lang='lat' dir='ltr'>Vangiones.</span> 
     </span>
    </p>

    <p class='ocr_par' dir='ltr' id='par_1_16' title="bbox 146 1560 1030 1645">
     <span class='ocr_line' id='line_1_35' title="bbox 188 1560 1030 1602; baseline -0.002 -12"><span class='ocrx_word' id='word_1_244' title='bbox 188 1560 353 1601; x_wconf 82' lang='lat' dir='ltr'>Fuffanzcs,</span> <span class='ocrx_word' id='word_1_245' title='bbox 371 1563 437 1591; x_wconf 81' lang='lat' dir='ltr'><strong>Att.</strong></span> <span class='ocrx_word' id='word_1_246' title='bbox 457 1562 537 1598; x_wconf 79' lang='lat' dir='ltr'>VII,</span> <span class='ocrx_word' id='word_1_247' title='bbox 564 1565 610 1592; x_wconf 91' lang='grc'>15.</span> <span class='ocrx_word' id='word_1_248' title='bbox 627 1568 736 1602; x_wconf 86' lang='lat' dir='ltr'><strong>praetor</strong></span> <span class='ocrx_word' id='word_1_249' title='bbox 755 1561 875 1599; x_wconf 76' lang='lat' dir='ltr'>Siciliae,</span> <span class='ocrx_word' id='word_1_250' title='bbox 892 1570 947 1601; x_wconf 91' lang='lat' dir='ltr'>pro</span> <span class='ocrx_word' id='word_1_251' title='bbox 969 1569 1030 1600; x_wconf 86' lang='lat' dir='ltr'>quo</span> 
     </span>
     <span class='ocr_line' id='line_1_36' title="bbox 146 1603 781 1645; baseline 0 -11"><span class='ocrx_word' id='word_1_252' title='bbox 146 1603 198 1634; x_wconf 81' lang='lat' dir='ltr'>alii</span> <span class='ocrx_word' id='word_1_253' title='bbox 214 1605 318 1634; x_wconf 88' lang='lat' dir='ltr'>volunt</span> <span class='ocrx_word' id='word_1_254' title='bbox 342 1604 515 1644; x_wconf 72' lang='lat' dir='ltr'>Furfanus,</span> <span class='ocrx_word' id='word_1_255' title='bbox 532 1605 579 1634; x_wconf 87' lang='lat' dir='ltr'>vel</span> <span class='ocrx_word' id='word_1_256' title='bbox 596 1605 781 1645; x_wconf 72' lang='lat' dir='ltr'>FurfaniuS.</span> 
     </span>
    </p>

    <p class='ocr_par' dir='ltr' id='par_1_17' title="bbox 190 1646 641 1687">
     <span class='ocr_line' id='line_1_37' title="bbox 190 1646 641 1687; baseline 0 -10"><span class='ocrx_word' id='word_1_257' title='bbox 190 1648 223 1677; x_wconf 87' lang='lat' dir='ltr'>C.</span> <span class='ocrx_word' id='word_1_258' title='bbox 238 1648 388 1687; x_wconf 67' lang='lat' dir='ltr'>Fuficius,</span> <span class='ocrx_word' id='word_1_259' title='bbox 408 1647 495 1677; x_wconf 82' lang='lat' dir='ltr'><strong>Verr.</strong></span> <span class='ocrx_word' id='word_1_260' title='bbox 511 1646 575 1684; x_wconf 80' lang='grc' dir='ltr'>ΠΙ,</span> <span class='ocrx_word' id='word_1_261' title='bbox 596 1651 641 1678; x_wconf 79' lang='lat'>12.</span> 
     </span>
    </p>

    <p class='ocr_par' dir='ltr' id='par_1_18' title="bbox 189 1690 880 1730">
     <span class='ocr_line' id='line_1_38' title="bbox 189 1690 880 1730; baseline 0.001 -12"><span class='ocrx_word' id='word_1_262' title='bbox 189 1690 228 1718; x_wconf 91' lang='lat' dir='ltr'>L.</span> <span class='ocrx_word' id='word_1_263' title='bbox 246 1691 404 1730; x_wconf 73' lang='lat' dir='ltr'>Fufidius,</span> <span class='ocrx_word' id='word_1_264' title='bbox 422 1691 474 1720; x_wconf 68' lang='grc' dir='ltr'><strong>ΒΥ.</strong></span> <span class='ocrx_word' id='word_1_265' title='bbox 491 1693 542 1721; x_wconf 78' lang='grc'><strong>29.</strong></span> <span class='ocrx_word' id='word_1_266' title='bbox 558 1690 715 1721; x_wconf 86' lang='lat' dir='ltr'>mediocris</span> <span class='ocrx_word' id='word_1_267' title='bbox 727 1696 880 1730; x_wconf 74' lang='lat' dir='ltr'>patronus.</span> 
     </span>
    </p>

    <p class='ocr_par' dir='ltr' id='par_1_19' title="bbox 191 1731 1034 1774">
     <span class='ocr_line' id='line_1_39' title="bbox 191 1731 1034 1774; baseline 0 -13"><span class='ocrx_word' id='word_1_268' title='bbox 191 1731 229 1768; x_wconf 84' lang='lat' dir='ltr'><strong>Q.</strong></span> <span class='ocrx_word' id='word_1_269' title='bbox 245 1734 278 1764; x_wconf 83' lang='lat' dir='ltr'><em>F</em></span> <span class='ocrx_word' id='word_1_270' title='bbox 278 1734 402 1774; x_wconf 67' lang='lat' dir='ltr'>ufidizw,</span> <span class='ocrx_word' id='word_1_271' title='bbox 421 1734 523 1764; x_wconf 84' lang='lat' dir='ltr'>Pison.</span> <span class='ocrx_word' id='word_1_272' title='bbox 539 1734 592 1764; x_wconf 79' lang='lat'>35.</span> <span class='ocrx_word' id='word_1_273' title='bbox 608 1744 699 1774; x_wconf 78' lang='lat' dir='ltr'>eques</span> <span class='ocrx_word' id='word_1_274' title='bbox 715 1734 807 1763; x_wconf 83' lang='lat' dir='ltr'>Rom.</span> <span class='ocrx_word' id='word_1_275' title='bbox 824 1732 991 1772; x_wconf 74' lang='lat' dir='ltr'>negotiator</span> <span class='ocrx_word' id='word_1_276' title='bbox 1003 1731 1034 1761; x_wconf 90' lang='lat' dir='ltr'>in</span> 
     </span>
    </p>
   </div>
  </div>
 </body>
</html>
