1137 1848
329 62 478 94 INDEX
501 62 785 95 HISTORICUS.
937 60 999 96 297

116 147 300 179 vulneratur.
324 148 429 180 Plane.
451 149 502 179 28.
516 154 620 190 gratus
643 148 763 179 animus
779 147 810 177 in
826 147 868 186 Q.
886 145 1003 178 Calidi-

118 201 183 220 um.

163 234 199 269 Q.
216 235 360 265 flletellus
384 235 495 273 Scipio,
521 235 558 264 de
581 235 660 265 Har.
681 234 773 274 Resp.
799 235 828 263 (ἰ.
853 232 1000 274 pontifex.

118 275 167 306 De
183 287 216 306 eo
231 288 303 318 cape
318 278 356 308 ad
371 277 444 308 Div.
460 278 544 315 XII,
561 282 590 308 2.
614 278 672 307 Est
696 277 817 306 Metelli
841 277 891 306 Pii
919 275 1000 305 filius

117 318 287 359 adoptivus.

164 362 200 398 Q.
224 362 368 393 llIeteHus
384 365 499 402 IVepos,
523 362 670 393 Balearici
696 363 733 392 F.
759 363 799 393 V.
821 362 934 392 Ascon.
962 359 1001 390 ad

119 404 239 436 Cornel.
257 406 284 436 1.
306 407 384 436 Rab.
408 406 497 436 Perd.
514 407 543 441 7.
568 407 632 436 Att.
658 406 708 442 ΙΙ,
731 406 760 435 6.
780 406 878 445 legem
904 403 1001 435 Caeci-

119 448 194 478 liam
210 448 335 478 Didiam
351 449 417 479 fert.
444 448 559 480 Consul
569 459 639 479 cum
654 448 693 478 T.
706 448 798 478 Didio
815 449 854 477 A.
870 448 910 477 U.
928 448 1000 476 655.

118 490 208 527 Quir.
224 502 253 532 p.
275 492 314 521 R.
330 493 360 521 3.
383 492 453 523 Sen.
463 503 494 534 p.
510 492 550 522 R.
571 495 617 522 15.
637 491 686 521 De
698 491 876 532 cognomine
890 501 918 520 v.
933 490 1002 519 Ma-

118 540 184 563 nut.
196 534 235 564 ad
252 533 344 565 Corn.
358 535 384 565 Ι.

166 577 203 612 Q.
222 577 364 607 [Uetellus
381 578 534 615 Creticus,
557 577 645 610 Calvi
664 578 805 618 abnepos.
820 576 850 606 in
868 576 956 606 Verr.
973 574 1001 612 I,

120 619 150 649 9.
176 619 292 650 Consul
313 630 383 650 cum
408 621 582 658 Hortensio,
610 622 650 651 A.
663 621 704 651 U.
725 621 797 656 674.
825 620 925 649 Flacc.
950 619 999 648 13.

123 660 247 692 Cretam
265 663 366 693 vincit.
389 664 430 694 V.
447 664 539 694 Dion.
556 665 639 694 Cass.
655 663 818 699 XXXVI,
834 673 865 703 p.
887 663 916 692 8.
933 661 1002 692 Sal-

119 705 190 734 lust.
207 705 245 735 B.
260 704 297 736 C.
309 707 359 736 29.
373 706 441 736 Att.
453 706 480 742 I,
501 708 548 737 19.
562 708 678 747 legatus
693 706 824 736 mittitur
839 705 878 736 ad
894 704 1004 735 Gth'ae

120 747 264 783 civitates,
278 758 315 778 ne
331 759 361 779 se
372 760 442 779 cum
456 750 603 780 Helvetiis
615 751 756 789 jungant.

165 790 202 824 Q.
220 791 361 821 llletellus
380 794 475 829 Celer,
501 793 582 833 Nep.
605 792 647 822 fil.
672 792 792 821 Balear.
819 801 889 831 nep.
911 790 1001 821 Brut.

121 834 173 863 89.
189 843 250 863 non
264 834 316 864 ille
336 835 459 875 quidem
480 841 589 874 orator,
611 835 661 865 sed
686 840 786 864 tamen
809 843 869 863 non
891 833 1002 869 infans,

120 875 189 906 trib.
202 876 243 916 pl.
255 877 375 917 collegis
393 877 428 908 C.
447 878 591 914 Curione,
616 878 656 915 Q.
670 877 774 916 Vario,
799 875 835 907 C.
854 875 1005 913 Carbone,

121 920 178 949 ἃς.
197 919 318 949 auditus
333 931 350 950 a
366 921 508 951 Cicerone
520 922 641 960 juvene.

167 962 204 997 Q.
224 963 372 993 stlecellus
395 965 489 1000 Celer,
515 963 628 994 Celeris
654 963 696 993 fil.
712 962 818 1001 major.
834 961 875 992 V.
890 961 1004 992 Ascon.

120 1004 159 1034 ad
181 1004 301 1035 Cornel.
320 1005 345 1034 I.
364 1012 393 1036 et
409 1007 530 1036 Manut.
552 1006 591 1036 ad
615 1006 670 1037 Or.
689 1015 743 1046 pro
760 1005 874 1042 Domo,
903 1015 927 1035 c.
952 1005 1004 1039 47.

119 1047 174 1077 ubi
189 1054 289 1078 tamen
302 1050 403 1078 turbat
414 1050 445 1079 in
457 1049 549 1088 hujus
562 1049 681 1079 Metelli
697 1053 873 1078 stemmate:
891 1048 929 1077 ad
945 1047 1002 1077 Or.

120 1100 175 1130 pro
187 1093 270 1121 Sext.
282 1092 333 1121 6‘2.
351 1090 441 1122 Catil.
454 1092 480 1128 I.
495 1094 524 1123 8.
543 1091 588 1127 ΙΙ,
602 1095 630 1123 3.
648 1091 725 1122 Suu.
744 1094 793 1119 23.
809 1096 932 1131 przetor⁷
951 1090 1007 1122 Ci-

121 1143 227 1163 cerone
252 1135 385 1171 consule,
416 1135 566 1165 delectum
589 1135 681 1165 habet
706 1140 808 1163 contra
827 1133 1003 1163 Catilinam.

123 1175 185 1206 Pis.
201 1177 230 1205 4.
247 1177 350 1207 consul
370 1177 555 1218 designatus,
571 1188 642 1208 cum
658 1177 696 1207 1..
716 1176 852 1212 Afranio,
869 1175 1005 1215 privatus

122 1219 299 1249 auctoritate
315 1220 370 1250 sua
384 1220 472 1251 ludos
485 1220 709 1261 Compitalicios
724 1219 789 1250 fieri
811 1218 960 1259 prohibet,
975 1224 1007 1248 et

122 1272 186 1291 rem
210 1262 333 1292 obtinet.
355 1264 423 1292 Att.
441 1264 468 1301 Ι,
500 1264 548 1298 17.
571 1263 677 1293 consul
700 1261 872 1301 designatus
895 1261 1007 1292 resistit

122 1304 303 1345 publicanis,
320 1305 485 1336 Asiaticam
506 1306 685 1336 locationem
700 1304 803 1334 induci
825 1304 1006 1344 postulanti-

122 1349 189 1377 bus.
210 1347 249 1376 ad
264 1347 334 1377 Div.
347 1347 388 1385 V,
406 1352 431 1379 l.
448 1359 518 1379 cum
535 1348 679 1379 Cicerone
689 1347 860 1387 expostulat
868 1345 905 1376 de
914 1346 1007 1377 fratre

122 1390 243 1430 Nepote
258 1390 379 1420 tribuno
398 1393 435 1421 ab
451 1391 515 1431 ipso
530 1391 561 1420 in
576 1397 680 1421 senatu
701 1396 885 1430 oppugnato.
909 1389 1007 1419 Galli-

124 1443 174 1462 am
195 1432 380 1473 provinciam
403 1434 518 1463 obtinet
533 1444 570 1463 ex
590 1432 732 1474 praetura.
756 1432 821 1462 Att.
838 1431 898 1470 VI,
915 1435 944 1461 3.
968 1432 1007 1462 ad

123 1475 197 1505 Div.
215 1476 314 1512 VIII,
331 1477 361 1505 8.
377 1483 496 1506 accusat
512 1477 557 1506 M.
576 1475 747 1506 Servilium.
773 1475 847 1505 Coel.
871 1477 919 1504 14.
934 1474 1007 1505 Clo-

122 1519 205 1548 diam
224 1528 350 1548 uxorem
371 1518 471 1548 habet.
488 1529 513 1549 c.
536 1522 588 1550 24.
609 1519 674 1557 ejus
688 1528 769 1548 mors
784 1527 934 1547 venenum
957 1527 1006 1548 ac-

123 1561 236 1602 cepisse
250 1560 380 1591 indicat:
404 1561 555 1591 laudatur.
579 1562 668 1591 Brut.
680 1561 729 1596 70.
745 1560 843 1601 qualis
854 1566 962 1590 orator.

171 1605 207 1640 Q.
225 1605 369 1635 IlIeteIlus
385 1605 501 1643 Nepos,
516 1603 628 1635 Celeris
639 1603 712 1633 min.
724 1603 760 1634 fr.
779 1603 817 1634 ad.
830 1602 901 1634 Div.
918 1603 961 1641 V,
976 1606 1004 1633 l.

126 1649 156 1676 2.
172 1646 240 1676 trib·
251 1646 293 1686 pl.
305 1646 408 1677 Silano
420 1653 449 1677 et
459 1647 593 1678 Murena
605 1657 677 1677 coss.
689 1646 720 1676 in
732 1651 836 1677 senatu
847 1656 1006 1686 oppugna-

125 1694 175 1719 tur
184 1699 202 1718 a
214 1687 367 1726 Cicerone,
380 1699 471 1730 quem
484 1696 553 1720 ante
564 1691 628 1731 ipse
637 1694 880 1730 oppugnaverat:
898 1689 935 1718 de
944 1698 1006 1728 quo

119 1732 179 1763 vid.
195 1731 290 1763 Dion·
306 1730 393 1764 Cass.
409 1732 592 1771 XXXVII,
608 1743 638 1774 p.
655 1733 706 1762 48.
720 1733 771 1763 49.
794 1731 848 1762 Br.
860 1732 911 1767 78.
927 1741 1003 1772 qua-
