1137 1848
340 41 491 73 INDEX
513 42 797 75 HISTORICUS.
949 43 1009 74 251

128 124 224 156 Acad.
248 126 308 166 IV,
324 128 376 163 37.
392 129 508 166 statuit,
530 139 568 159 ex
583 129 647 169 igni
662 129 764 160 omnia
778 129 871 170 gigni.
888 129 926 159 de
941 129 1012 160 Fin.

128 166 174 206 ῙῙ,
191 171 222 199 5.
246 176 389 205 §noa-mog
411 171 509 202 dictus
524 179 576 202 est.
600 172 637 202 de
661 172 704 201 N.
728 172 769 202 D.
788 172 853 210 III,
872 174 921 203 14.
943 183 1015 204 eum

127 220 187 240 non
203 222 309 244 omnes
321 214 555 255 interpretantur
567 225 627 245 uno
641 215 741 245 modo.
758 216 794 245 de
809 215 881 245 Div.
899 214 946 254 11,
963 217 1015 246 64.

127 254 214 326 vlitllde
228 257 392 294 obscurus;
417 264 446 288 et
461 258 586 299 quidem
602 257 653 292 (de
669 258 743 288 Nat.
761 258 803 288 D.
820 258 849 296 Ι,
872 259 926 294 26)
943 268 1014 289 con-

126 305 140 325 s
176 305 216 328 to.

173 340 352 379 Heraclitus,
376 343 498 384 Tyrius.
523 343 616 374 Acad.
640 342 702 382 IV,
724 344 754 373 4.
776 343 895 374 auditor
918 343 1014 375 Clito-

125 385 227 415 machi
242 392 271 416 et
287 386 436 424 Philonis,
453 387 603 418 laudatur.

174 429 338 467 Heraclius,
363 430 590 471 Centuripinus.
614 429 702 460 Verr.
720 428 785 467 III,
802 430 852 465 27.

168 471 337 509 Heraclius,
361 473 579 513 SyracusanuS.
602 473 690 503 Verr.
709 471 775 510 ΙΙΙ,
793 475 822 502 5.
837 478 866 503 et
884 473 934 503 14.

167 512 335 553 Heraclius,
358 516 446 546 Verr.
464 516 525 554 IV,
545 517 597 546 39.
614 515 851 546 Amestratinus.

169 557 329 596 Hercules,
354 558 396 587 N.
414 558 455 588 D.
474 559 540 594 III,
562 559 609 588 16.
622 569 675 588 sex
691 558 838 588 Hercules
853 558 1013 589 inveniun-

124 605 184 629 tur.
205 600 267 631 Off.
287 600 314 637 I,
342 601 393 630 32.
417 601 597 631 Prodicius:
623 600 732 630 dicitur
746 601 851 631 fabula
867 601 1010 632 Herculis

124 643 322 683 colloquentis
338 654 408 674 curn
424 643 548 674 Virtute
563 649 591 674 et
607 644 784 683 Voluptate,
801 650 920 674 auctore
937 644 1013 674 Pro-

125 685 200 715 dico.
217 686 255 715 ad
271 686 343 716 Div.
360 686 403 724 V,
432 689 479 716 1⁶2.
504 686 760 726 Xenophontius:
784 687 888 717 eadem
909 692 953 717 est
967 687 1013 716 fa-

124 728 208 765 bula,
225 739 319 769 quam
335 739 373 759 ex
398 729 526 759 Prodico
550 729 657 759 sumsit
682 728 866 769 Xenophon,
890 729 1014 760 Memo-

122 772 186 801 rab.
205 771 285 802 Socr.
303 771 350 809 II,
371 774 397 801 l.
413 782 468 812 pro
483 772 576 802 Dom.
593 773 644 801 52.
660 782 743 801 sacra
757 772 867 802 docuit.

170 816 202 844 C.
232 814 409 853 Herennius,
433 814 464 845 in
492 814 580 845 Verr.
606 815 635 853 Ι,
665 815 714 845 13.
744 815 899 855 peculatus
925 814 1012 845 dam-

124 862 223 887 natus.

171 901 203 930 C.
224 899 401 939 Herennius,
426 900 512 931 Sexti
534 900 577 930 ffl.
602 899 641 930 ad
664 899 732 930 Att.
759 899 784 935 I,
810 902 857 931 18.
882 900 951 930 trib.
967 900 1011 941 pl.

124 941 254 973 Metello
269 949 298 974 et
319 943 450 974 Afranio
466 954 538 974 coss.
559 942 618 973 fert
632 942 669 973 de
689 943 872 974 traducendo
890 943 929 973 ad
947 943 1012 984 ple-

124 986 194 1016 bem
211 986 327 1017 Clodio.

168 1029 208 1058 L.
225 1030 408 1067 Herennius,
419 1028 507 1060 Verr.
523 1028 585 1065 VI,
602 1029 653 1059 59.
670 1027 857 1069 argentarius
873 1027 1011 1069 Leptita-

123 1080 191 1101 nus.
214 1071 302 1102 Verr.
320 1073 369 1109 11,
393 1074 423 1103 5.
447 1072 614 1113 negotiator
637 1071 800 1101 Africanus
815 1081 833 1100 a
848 1070 944 1101 Verre
966 1081 1012 1102 se-

124 1114 189 1144 curi
204 1124 372 1154 percussus.

168 1157 207 1187 L.
225 1158 404 1196 Herennius,
426 1168 481 1199 pro
500 1157 574 1189 Coel.
603 1159 652 1186 11.
673 1156 811 1194 disertus,
828 1162 946 1187 accusat
961 1155 1011 1187 M.

124 1198 254 1230 Coelium
271 1201 308 1231 de
324 1201 353 1231 vi
368 1211 438 1231 cum
453 1201 607 1231 Atratino.

168 1244 220 1273 M.
239 1243 415 1280 Herennius,
438 1244 528 1274 Brut.
556 1245 606 1273 45.
622 1242 746 1272 Muren.
776 1242 826 1273 17.
853 1241 1011 1273 mediocris

123 1291 234 1323 orator,
255 1286 287 1316 in
311 1287 483 1317 consulatfis
503 1286 647 1327 petitione
668 1285 706 1315 L.
723 1284 903 1325 Philippum
929 1285 1010 1316 vicit.

125 1327 240 1358 Consul
254 1329 296 1358 A.
314 1330 385 1359 660.

170 1372 351 1409 Herennius,
376 1372 415 1402 ad
436 1382 527 1412 quem
548 1376 618 1401 sunt
632 1370 702 1400 libri
726 1370 775 1400 IV
790 1369 937 1401 rhetorici.
957 1371 1011 1401 In-

126 1419 242 1444 certum
265 1420 320 1452 est,
345 1415 413 1455 quis
429 1415 474 1445 sit.
499 1414 573 1445 Vid.
598 1414 623 1444 F
626 1413 716 1443 abric-
732 1413 771 1443 B.
787 1413 826 1444 L.
842 1413 914 1444 Vol.
930 1412 958 1451 I,
974 1424 1007 1455 p.

125 1457 176 1491 97.
194 1458 245 1487 98.

170 1499 312 1536 Herillus,
336 1500 372 1530 de
388 1500 443 1530 Or.
466 1499 531 1537 III,
551 1499 598 1534 17.
624 1498 891 1539 Carthaginiensis,
907 1509 925 1529 a
949 1509 1010 1540 quo

126 1540 268 1572 dicuntur
297 1543 430 1573 Herillii.
453 1542 552 1573 Acad.
576 1542 636 1579 IV,
662 1545 714 1572 42.
738 1542 807 1572 Fin.
828 1543 877 1580 II,
901 1544 930 1571 5.
957 1545 1009 1572 25.

126 1584 256 1615 Zenonis
271 1585 363 1616 Stoici
378 1585 507 1622 auditor,
529 1585 559 1614 in
581 1584 704 1615 scientia
723 1594 879 1614 summum
894 1585 1010 1615 bonum

123 1627 220 1669 ponit.
244 1627 332 1658 Orat.
347 1628 368 1658 l.
386 1638 410 1659 c.
428 1627 551 1659 Herillii
566 1627 707 1658 dicuntur
722 1627 873 1658 Socratici.

170 1671 370 1709 Hermachus,
392 1670 493 1702 Acad.
518 1670 579 1708 IV,
595 1671 647 1701 30.
671 1669 803 1710 F'm.11‚
819 1671 870 1701 30.
894 1669 1010 1711 Epicu-
