1122 1868
148 88 210 118 366
359 85 507 117 INDEX
532 84 816 117 HISTORICUS.

194 174 247 204 M.
271 171 413 203 Serninus
430 172 546 209 Ahala,
569 171 665 202 Dom.
689 174 741 202 32.
769 170 810 201 V.
836 172 869 201 C.
890 170 1038 201 Servilius

156 217 266 249 Ahala.

198 261 243 290 M.
262 258 418 296 Servilia&
431 257 487 288 Or.
503 257 550 294 II,
567 258 618 288 65.
633 256 773 287 dissuasit
783 257 882 296 legem
898 255 1040 286 annalem

157 303 279 339 Ruscae,
296 312 365 342 quae
380 281 421 331 Αἰ
437 302 499 331 622
515 302 576 331 lata
591 307 644 331 est.

198 346 245 376 M.
263 345 409 375 Servilius
429 345 590 380 Geminus,
609 344 675 373 Att.
685 343 716 373 V
720 342 778 380 1,‘>
760 357 789 372 o.
806 353 824 372 a
840 341 967 371 Metello
983 341 1042 372 Ce-

155 389 216 419 lere
227 389 264 418 de
275 386 447 428 repetundis
461 392 627 418 accusatur.
640 385 730 417 Conf.
747 385 785 416 ad
801 385 872 415 Div.
890 383 988 421 VIII,
1011 386 1042 414 8.

159 431 233 461 Fuit
247 431 386 461 tribunus
401 430 482 469 pleb.
499 430 538 459 A.
557 430 628 459 693.

199 475 246 504 M.
263 474 420 509 Servilius,
438 473 476 503 ad
492 473 566 502 Div.
581 470 662 507 XII,
684 472 713 501 6.
726 471 866 501 tribunus
880 471 922 512 pl.
939 470 1043 501 Hirtio

159 523 188 548 et
204 517 304 547 Pansa
320 526 392 546 coss·
406 515 544 555 producit
555 514 731 545 Ciceronem
741 514 770 543 in
784 514 970 551 concionem,
982 523 1044 554 quo

158 566 293 600 tempore
318 557 521 598 Philippicam
541 557 592 588 XI
615 557 702 587 dixit.
732 556 814 587 Phil
838 555 899 595 IV,
923 557 952 587 6.
973 565 1043 586 cum

161 602 283 642 collegis
292 601 328 631 de
344 601 461 640 republ.
478 601 566 631 refert
581 600 620 630 ad
634 605 782 630 senatum.

201 647 241 676 P.
256 645 399 675 Servilius
416 645 540 680 Rullus,
561 643 633 684 Agr.
651 642 697 681 ΙΙ,
715 646 766 673 20.
789 641 830 672 V.
843 643 966 673 Rullus.

201 690 240 718 P.
252 688 398 719 Ser-villus
415 688 518 724 Vatzsta
528 688 703 724 Isauricus,
720 686 755 716 C.
767 686 802 716 F.
817 685 864 715 M.
877 685 919 716 N.
934 685 1049 716 Manil.

159 731 289 771 23.leg1
309 730 450 761 Maniliae
465 730 555 760 favet.
577 731 689 769 Agrar.
713 728 758 767 II,
780 731 826 760 19.
849 729 1046 770 agriabipso

159 774 288 822 imperio
312 773 405 804 Rom.
421 773 538 812 adjecti.
559 772 647 803 Verr.
673 771 720 809 ΙΙ,
737 776 788 803 21.
820 771 990 812 Olympum
1015 772 1046 802 vi

159 816 249 857 cepit.
280 816 358 847 Red.
383 817 416 846 in
440 817 510 847 Sen.
544 819 594 845 10.
634 815 674 853 Q.
701 816 866 846 Metellum
890 815 1045 845 consulem

159 859 299 890 Ciceroni
322 858 430 899 placat.
457 859 496 889 ad
516 858 588 888 Div.
614 858 641 896 Ι,
672 862 696 889 1.
722 866 812 899 negat
838 858 1045 889 Ptolemaeum

160 901 383 933 restituendum
407 912 479 933 esse.
517 901 632 932 Consul
659 901 719 931 fuit
744 912 815 932 cum
841 901 945 943 Appio
971 901 1047 932 Pul-

163 945 244 976 chro.

205 990 243 1019 P.
257 989 413 1025 Servilius,
425 987 461 1018 P.
477 985 604 1019 Isaurici
615 987 655 1019 F.
669 987 722 1029 qui
733 990 837 1020 consul
849 999 918 1020 cum
931 990 968 1021 C.
980 990 1049 1022 Cae-

163 1042 228 1063 sare
240 1032 309 1062 fuit.
335 1032 404 1062 Att.
422 1031 481 1069 IV,
503 1032 548 1061 15.
565 1037 685 1071 praetor,
704 1031 849 1072 Pompeio
865 1032 899 1062 lI
916 1034 1048 1065 consule.

157 1075 200 1105 ad
212 1074 284 1105 Div.
298 1073 398 1112 XIII,
410 1075 460 1104 66.
478 1074 586 1104 Asiam
601 1074 724 1104 obtinet.
741 1074 813 1104 ibid.
827 1076 878 1107 69.
897 1076 1049 1108 Ciceronis

160 1118 276 1158 collega
285 1118 315 1147 in
329 1123 489 1158 auguratu.
500 1117 572 1147 ibid.
591 1116 635 1153 X,
653 1120 700 1147 12.
727 1116 865 1148 Ciceroni
874 1119 1049 1150 adversatur

161 1162 194 1191 in
209 1161 299 1191 causa
315 1160 500 1190 Antoniana.
517 1159 555 1190 ad
571 1159 643 1189 Div.
660 1159 741 1197 XII,
759 1163 787 1190 2.
804 1169 888 1192 metu
904 1163 1046 1201 Antonii,

160 1204 193 1234 in
209 1213 302 1244 quem
317 1203 451 1234 invectus
467 1209 542 1239 erat,
556 1212 616 1232 non
632 1203 722 1233 audet
736 1203 767 1233 in
780 1210 919 1234 senatum
934 1205 1046 1243 venire,

164 1248 220 1276 διο.
245 1246 312 1277 Att.
335 1245 380 1280 ΙΙ,
406 1249 432 1276 l.
458 1244 582 1277 Catonis
596 1245 738 1277 imitator.
762 1246 922 1277 Laudatur
943 1248 1046 1287 etiam,

163 1290 228 1320 Att.
249 1289 277 1326 Ι,
299 1293 345 1320 19
364 1289 426 1326 XI,
440 1291 469 1318 5.
495 1289 550 1319 Em.

206 1334 246 1363 P.
260 1333 405 1362 Servilius
427 1333 534 1368 Casca,
555 1330 636 1361 Phil.
658 1330 704 1369 II,
724 1335 773 1363 11.
796 1333 862 1363 Att.
881 1332 977 1372 XVI,
996 1335 1047 1367 15.

161 1375 245 1406 Phil.
261 1374 361 1413 XIII,
381 1375 429 1404 15.
450 1385 528 1404 unus
543 1374 580 1404 de
599 1375 822 1414 percussoribus
838 1377 863 1407 (
866 1376 977 1415 aesaris,
993 1378 1048 1418 qui

163 1418 190 1448 ei
206 1418 340 1459 primum
351 1418 461 1448 vulnus
472 1417 591 1447 inflixit.
615 1416 703 1448 Trib.
716 1418 758 1458 pl
772 1419 811 1448 A.
826 1422 898 1449 710.
916 1400 1049 1451 v.'P1u-

162 1461 256 1492 tarch.
285 1461 317 1491 in
346 1459 475 1497 Caesare,
502 1471 536 1500 p.
561 1462 634 1490 739.
667 1461 727 1491 Sed
751 1460 816 1493 Cic.
835 1462 917 1492 Phil.
932 1461 979 1500 ΙΙ,
999 1466 1048 1494 ll.

162 1504 238 1534 duos
249 1503 358 1534 Cascas
368 1503 442 1534 caedi
454 1503 604 1533 interfuiss
593 1513 623 1533 se
641 1503 722 1535 dicit.
746 1504 929 1535 Plutarchus
944 1506 1047 1545 etiam,

162 1547 185 1578 l.
202 1556 226 1576 c.
252 1546 376 1577 fratrem
396 1546 450 1586 huj
453 1557 488 1576 us
514 1544 616 1577 Cascae
633 1553 858 1578 commemorat.
890 1547 922 1578 Is
942 1555 986 1579 est
1012 1549 1050 1581 C.

164 1588 310 1621 Servilius
327 1589 433 1626 Casca,
455 1599 547 1630 quem
567 1589 731 1630 Appianas
750 1597 977 1630 commemorat,
994 1593 1051 1624 nisi

167 1630 292 1673 quidem
314 1632 357 1662 ibi
382 1634 421 1662 P.
442 1631 617 1672 legendum,
635 1632 672 1662 de
694 1633 734 1662 B.
759 1633 826 1663 Civ.
851 1633 899 1671 II,
924 1644 954 1674 p.
976 1636 1049 1666 813.

164 1675 285 1705 Mirum
301 1674 383 1704 enim
400 1674 424 1704 si
437 1676 472 1705 C.
485 1674 585 1714 potius
595 1685 689 1715 quam
703 1675 784 1706 hunc
797 1677 835 1706 P.
852 1677 1048 1716 nominasset,

163 1718 216 1758 qui
233 1716 311 1746 inter
325 1717 474 1758 principes
488 1717 557 1746 fuit.
578 1717 698 1747 Ibidem
714 1718 804 1748 etiam
816 1719 895 1749 male
906 1721 1052 1752 Servilius

169 1760 278 1797 Galba,
294 1770 348 1800 pro
364 1761 486 1790 Servius
501 1761 610 1798 Galba,
626 1760 672 1790 uti
687 1767 765 1792 recte
780 1761 872 1792 citant
887 1763 942 1794 viri
957 1763 1046 1796 docti.
