1137 1848
342 48 490 80 INDEX
515 48 688 80 LEGUM.
918 51 955 81 ‹ss

63 137 161 168 Nocte
173 140 325 176 sequente,
337 137 376 166 ob
387 135 465 166 hanc
478 135 577 176 legem
592 135 766 166 interfectus
779 141 822 165 est
833 135 955 166 Africa-

63 190 132 210 nus.
158 179 222 209 Cic.
244 179 276 209 in
303 178 410 216 Laelio,
436 189 460 209 c.
477 180 530 217 25,
556 184 586 209 et
605 178 671 209 aliis
693 178 775 208 locis.
801 178 850 208 Cf.
868 179 953 220 Epit.

65 222 133 253 Liv.
152 221 240 252 CIX.

107 266 254 304 Papiria,
270 265 321 294 lex
338 263 498 294 tribunicia
515 264 636 294 incertae
651 263 758 300 zetam,
775 262 837 304 quit
858 264 955 294 sanci-

63 313 131 338 tum
147 313 202 345 est,
222 318 262 338 ‘ne
282 309 352 348 quis
374 308 455 337 cedes
476 313 533 337 aut
549 318 775 347 quamcumque
797 317 872 341 rem,
890 313 953 336 ter-

64 362 145 387 ram,
170 362 270 386 aram,
299 352 432 389 lignum,
460 351 584 390 injussu.
610 352 733 389 populi,
754 357 953 381 consecraret.

63 396 183 424 Auctor
197 394 257 424 fuit
276 395 312 428 Q.
330 395 490 433 Papirius.
509 394 571 424 Cic.
587 404 642 434 pro
658 394 771 430 Domo⁷
788 404 812 423 c.
830 395 881 422 50.

109 438 263 467 Peducaea
289 439 326 467 [le
352 438 481 472 incestu.
507 436 557 471 (de
584 437 658 466 Nat.
687 437 779 466 Deor.
808 436 875 473 ΙΙΙ,
899 438 955 473 30)

63 480 126 510 lata
141 490 159 509 a
174 482 259 510 Sesto
277 481 441 517 Peducaeo,
458 480 527 510 trib.
544 479 586 520 pl.
598 482 640 509 A.
654 480 695 510 U.
711 480 785 510 640.
807 479 898 510 Hanc
913 480 956 510 le-

65 533 137 563 gem
160 523 272 553 frustra
293 523 384 553 audet
399 534 414 553 e
429 523 534 563 legum
558 532 684 553 numero
707 522 838 552 eximere
854 523 956 552 Bohe-

65 565 127 595 rius
142 565 180 596 ad
197 566 216 596 l.
230 577 255 596 c.
271 576 342 596 cum
358 566 463 596 Cicero
478 566 586 595 diserte
608 565 698 602 dicat,
714 567 904 604 rogationem
919 568 956 596 tle

65 609 182 639 incestu
194 620 204 645 ;
241 619 310 649 quae
333 610 424 639 verba
452 609 729 649 interpretationem
759 609 816 639 viri
841 609 955 638 summi

66 652 156 692 plane
181 657 337 692 respuunt.
369 652 451 682 Nam
475 652 552 682 actio
574 651 713 681 Peducaei
734 652 764 681 in
790 651 954 681 Metellum

66 694 119 736 (de
135 694 196 735 quiz
210 695 292 725 hunc
306 695 419 731 locum,
436 705 474 725 ex
491 695 603 725 Ascon.
616 694 647 724 in
664 694 844 724 Milonianae
860 705 884 724 c.
905 696 955 732 12,

66 738 293 778 interpretatur)
309 748 370 767 non
386 737 444 767 fuit
456 737 570 778 rogatio
586 737 622 767 de
638 737 763 774 incestu,
781 738 832 767 sed
842 738 957 778 rogatio

66 780 178 821 potius,
200 787 246 818 ut,
259 780 404 820 quoniam
420 780 567 810 Metellus
590 781 669 810 male
681 780 855 819 judicasset,
872 786 957 810 extra

65 823 203 853 ordinem
223 823 319 862 judex
345 822 469 854 Cassius
492 823 730 853 constitueretur.
763 823 875 863 Neque
893 823 957 853 haee

66 866 182 906 rogatio
198 871 317 896 tantum
333 866 445 896 indicat
455 866 676 906 corruptionem
690 866 817 895 humani
832 865 957 906 ingenii,

67 919 161 949 quam
176 909 230 938 illa
244 909 281 939 de
296 909 423 945 incestu,
440 919 477 938 ex
498 909 561 949 quft
577 908 767 948 intelligitur.
789 909 880 938 etiam
896 920 958 950 poe-

68 952 115 982 nis
131 962 192 982 esse
206 952 344 981 homines
358 962 376 981 a
391 951 482 982 tantis
498 951 659 982 sceleribus
674 951 892 981 absterrendos.

112 996 160 1024 M.
178 996 274 1025 szz'i
290 996 406 1032 Penni,
423 994 492 1024 trib.
508 995 550 1035 pl.
562 994 748 1034 temporibus
766 993 802 1024 C.
815 995 956 1033 Gracchi,

69 1038 111 1068 A.
125 1038 166 1068 U.
182 1038 258 1075 627,
269 1048 363 1078 quam
375 1037 446 1067 tulit
460 1039 496 1067 de
506 1039 681 1076 peregrinis
696 1048 731 1067 ez·
746 1037 823 1067 Urbe
833 1037 958 1077 ejicien-

69 1082 128 1110 dis.
163 1081 254 1111 Hanc
280 1081 379 1121 legem
402 1080 605 1110 intermissam
630 1080 809 1111 instauravit
833 1081 956 1121 Papius.

70 1123 205 1155 VidJeoe
223 1125 351 1163 Papia5
376 1123 413 1153 de
429 1123 492 1154 Off.
510 1123 577 1160 ΙΙΙ,
598 1124 646 1153 ll.

114 1168 251 1207 Philippi
264 1167 315 1197 lex
331 1167 473 1206 Agraria
492 1166 571 1207 (Off.
589 1166 636 1202 ΙΙ,
653 1167 708 1203 21)
725 1171 768 1196 est
784 1166 822 1196 L.
846 1166 958 1198 Marcii

72 1209 220 1250 Philippi,
240 1210 293 1250 qui
306 1210 406 1249 legem
425 1209 517 1239 talem
538 1209 608 1239 tulit
630 1209 662 1238 in
678 1209 846 1248 tribunatu,
863 1210 903 1240 A.
916 1211 956 1241 U.

71 1253 146 1289 649,
163 1253 295 1282 similem
306 1252 499 1282 Gracchanae.
524 1252 594 1289 Sed,
606 1262 677 1282 cum
687 1252 713 1282 ei
723 1253 892 1283 resisterent
903 1263 958 1294 op-

72 1295 202 1331 timates,
218 1295 306 1325 facile
318 1295 397 1325 vinci
411 1305 452 1332 se,
466 1301 496 1325 et
504 1295 655 1335 antiquari
666 1295 775 1335 legem,
787 1306 894 1335 passus
906 1302 959 1326 est.

115 1339 237 1369 Pisonis
258 1339 294 1368 de
314 1339 503 1378 repetundis.
535 1337 608 1369 Vid.
633 1339 808 1377 Calpurnia
824 1340 860 1369 [le
873 1350 959 1379 repe-

71 1382 190 1412 tundis.

116 1425 257 1461 Plautia,
281 1424 330 1454 vel
356 1424 470 1457 Plotia.
490 1425 632 1463 agraria,
657 1423 817 1454 tribunicia
838 1424 959 1456 incertae

73 1468 179 1505 aetatis,
194 1467 246 1497 sed
260 1467 353 1507 paulo
368 1473 437 1497 ante
452 1467 552 1497 Flavii
566 1467 753 1507 rogationem
768 1467 840 1505 lata,
857 1479 926 1509 quae
937 1469 964 1499 ci

74 1511 181 1542 similis
192 1510 262 1547 fuit,
275 1515 395 1540 auctore
411 1510 566 1546 Cicerone,
583 1510 621 1539 ad
636 1510 704 1539 Att.
719 1510 748 1545 Ι,
768 1510 816 1540 18.

118 1554 222 1584 Plotia
228 1553 406 1592 judiciaria
420 1553 522 1592 (cujus
536 1552 651 1582 mentio
666 1563 722 1593 pro
736 1553 876 1583 Cornelio
891 1555 967 1594 maj.

74 1607 135 1631 reo.
153 1598 190 1633 Ι)
214 1597 276 1626 lata
300 1602 345 1626 est
366 1607 384 1626 a
404 1597 452 1626 M.
470 1596 593 1626 Plautio
614 1597 751 1633 Silvano,
774 1597 922 1627 Strabone
938 1604 968 1628 et

77 1640 194 1669 Catone
217 1650 291 1669 coss.
307 1639 350 1669 A.
366 1639 409 1669 U.
426 1640 500 1669 664.
533 1638 583 1668 Εὲι
597 1639 663 1678 lege
676 1638 790 1678 judicia
800 1650 869 1670 cum
886 1641 972 1680 equi-

80 1683 162 1713 tibus
186 1688 215 1712 et
237 1682 424 1712 senatoribus
448 1681 671 1712 communicata
693 1687 786 1718 sunt3
821 1683 902 1723 quod
930 1684 972 1722 Q.

80 1725 224 1756 Servilius
251 1725 354 1767 Caepio
380 1731 409 1756 et
435 1725 473 1756 L.
491 1724 612 1755 Drusus
634 1724 745 1756 frustra
769 1730 969 1757 tentaverant.

704 1775 726 1797 Ε
743 1768 763 1798 3
