1137 1848
231 80 380 112 INDEX
404 79 773 112 GEOGRAPHICUS.
905 81 946 110 99

100 166 250 202 Norensis,
271 166 395 207 Fragm.
412 167 468 198 Or.
484 167 600 206 XVII,
617 177 672 207 pro
687 166 736 196 M.
754 165 840 196 AEm.
851 165 946 196 Scau-

58 217 102 248 ro,
120 220 138 239 a
155 209 248 244 Nor-(7,
263 210 374 250 oppido
387 210 542 241 Sardiniae.

100 251 202 289 Novoe,
215 253 252 282 de
267 253 353 283 Orat.
372 253 418 290 ΙΙ,
436 254 488 290 66,
505 263 546 283 se.
559 254 691 283 tabernae
706 250 943 292 argentariorum

57 294 89 324 in
103 294 168 325 foro
184 296 276 326 Rom.
292 302 443 326 exornatae
458 296 549 326 scutis
565 296 772 333 Cimbrorum,
786 300 821 324 ut
832 292 946 323 Veteres

57 338 253 368 Samnitium.
276 338 382 369 Livius
399 338 460 376 IX,
478 340 529 369 40.

100 381 332 417 Novocmnenses,
358 381 396 412 ad
422 381 495 412 Div.
511 381 613 419 XIII,
632 382 686 418 35,
709 381 816 411 incola}
840 378 944 419 oppidi

57 422 141 453 Novi
156 424 246 454 Comi
254 424 285 454 in
303 425 456 462 Insubrifi,
473 424 511 454 ad
526 425 627 455 lacum
640 424 800 454 Larinum.

100 467 241 505 Nuceria,
261 469 372 507 Agrar.
391 467 439 505 II,
459 468 513 505 31,
531 474 574 497 est
591 467 738 508 oppidum
755 464 942 505 Campaniae,

56 509 139 550 quod
165 510 238 540 ltin.
259 510 335 540 Ant.
361 511 445 541 XVI
471 520 513 540 m.
534 521 565 551 p.
590 520 608 540 a
628 510 712 540 Nola
735 511 836 540 abesse
859 507 941 537 dicit.

58 552 222 587 Caeterum,
238 553 340 593 plures
354 563 416 584 esse
431 554 590 591 Nucerias,
604 553 642 583 ad
657 553 678 582 l.
691 563 718 583 c.
735 553 872 583 observat
885 552 943 581 Su-

59 601 124 625 nta.

100 639 273 677 Numantia,
292 640 364 669 urbs
386 638 544 679 Hispaniae
561 638 793 669 Tarraconensis
808 635 916 667 nobilis
931 647 940 671 ;

58 681 139 711 unde
154 681 490 722 Numantinumsoedns,
507 681 544 712 de
560 682 628 711 Fin.
645 682 683 711 B.
698 682 745 718 II,
766 681 813 715 17.

56 765 85 795 L
100 723 209 763 Nysaei,
225 724 263 754 ad
284 724 356 755 Div.
370 725 471 763 XIII,
489 725 541 762 64,
558 725 664 755 incolae
679 723 783 765 oppidi
799 724 890 763 Nysa:
910 721 941 751 in

86 766 166 806 ydia.

478 852 518 884 Ο.

99 937 277 968 Ocriculano
300 938 383 975 villa,
406 949 461 980 pro
487 938 599 969 Milon.
621 939 674 977 24,
699 938 737 968 ad
760 937 941 975 Ocriculum,

55 981 202 1021 oppidum
218 981 249 1010 in
266 981 395 1011 Umbn‘iz
411 982 452 1012 cis
467 982 680 1022 Apenninum.

103 1026 184 1061 OEta,
211 1033 299 1054 mons
323 1024 401 1054 inter
424 1024 615 1055 Thessaliam
646 1030 675 1054 et
704 1022 917 1053 Macedoniam
931 1033 940 1057 ;

56 1066 138 1096 unde
158 1068 282 1096 OEtaeus.

101 1109 194 1145 Olbia,
205 1109 243 1139 ad
259 1109 322 1147 Qu.
339 1110 391 1140 Fr.
408 1111 456 1149 ΙΙ,
475 1111 506 1149 7,
522 1112 594 1141 urbs
610 1108 765 1141 Sardiniae.
788 1108 879 1138 Unde
894 1109 943 1137 Ol-

54 1152 168 1190 biensis,
189 1152 228 1182 ad
243 1152 307 1189 Qu.
332 1153 383 1183 Fr.
409 1153 457 1191 II,
477 1155 508 1190 3,
529 1164 568 1184 se.
597 1153 731 1194 epistola,
756 1152 775 1181 i.
790 1161 815 1181 e.
841 1151 942 1182 Olbiae

54 1194 174 1234 scripta.
199 1196 283 1225 Nam
299 1196 335 1226 de
351 1197 386 1226 efi
401 1196 443 1226 ibi
459 1206 628 1227 sermonem
644 1205 718 1232 esse,
741 1205 778 1225 ex
793 1194 859 1234 ips&⁴
882 1193 946 1235 epi-

54 1238 131 1268 svolss.
146 1238 232 1268 facile
246 1238 434 1279 intelligitur.

99 1279 263 1320 Olympeni,
276 1283 314 1312 ab
330 1282 478 1322 Olympo,
495 1282 570 1312 urbe
582 1280 787 1321 Pamphyliae,
798 1290 816 1310 a
826 1280 863 1310 P.
874 1280 942 1310 Ser-

53 1322 126 1353 vilio
142 1324 274 1354 Isaurico
290 1325 386 1365 capta.
409 1328 489 1365 Agr.
506 1323 533 1361 I,
551 1326 582 1362 2,
600 1324 647 1359 ΙΙ,
670 1325 715 1354 19.

101 1365 244 1406 Olympia,
260 1366 298 1397 de
313 1368 400 1398 Orat.
414 1367 481 1405 ΙΙΙ,
494 1368 548 1405 32,
561 1366 599 1396 ad
608 1367 676 1396 Att.
690 1365 792 1403 XIII,
806 1366 858 1403 30,
870 1366 942 1396 urbs

55 1408 154 1439 Elidjs
181 1410 213 1439 'm
238 1410 458 1450 Peloponneso,
480 1411 571 1449 juxta
595 1409 756 1449 Alpheum
786 1408 818 1438 in
842 1408 940 1438 Pisaeo

55 1461 138 1491 agro,
151 1452 274 1482 celebris
288 1453 369 1483 ludis
385 1452 566 1493 Olympicis.

100 1494 249 1534 OLympus,
266 1495 303 1525 de
318 1495 390 1526 Div.
408 1495 436 1533 Ι,
455 1496 505 1534 12,
522 1496 578 1525 διε.
594 1504 681 1525 mons
692 1494 769 1524 inter
784 1493 939 1524 Thessali-

54 1546 104 1566 am
121 1543 150 1567 et
165 1537 388 1568 Macedoniam.

99 1579 301 1618 Onchesmites,
317 1581 356 1611 ad
370 1582 439 1611 Att.
450 1580 532 1620 VII,
548 1582 579 1619 2,
591 1586 698 1611 ventus
714 1581 752 1610 ab
765 1578 939 1610 Onchesmo

54 1622 141 1663 Epiri
157 1628 246 1663 portu
262 1623 347 1654 flans.

99 1666 192 1706 Opus,
218 1665 257 1696 ad
271 1667 340 1696 Att.
357 1667 419 1705 VI,
441 1669 471 1705 2,
496 1668 567 1697 urbs
591 1665 739 1704 Locridis,
766 1666 940 1706 metropolis

58 1707 262 1746 Opuntiorum.

100 1750 216 1787 Orestis,
232 1752 308 1783 Har.
326 1753 420 1794 Resp.
439 1754 490 1791 16,
503 1763 572 1794 pars
588 1751 777 1783 Macedoniae
791 1750 895 1782 libera.
