1137 1848
198 78 347 109 INDEX
371 76 737 108 GEOGRAPHICUS.
875 76 915 112 87

79 160 247 202 Heliopolis,
264 163 302 194 ‹le
319 163 393 194 Nat.
415 163 508 193 Deor.
526 162 593 200 III,
610 165 664 201 21,
687 163 760 193 urbs
774 162 916 204 AEgypti,

34 205 143 235 nobilis
158 206 271 246 templo
286 207 372 237 Solis.

78 248 291 287 Hellespontus,
307 249 418 279 fretum
442 249 600 288 Europam
615 250 653 279 ab
678 247 754 279 Asiiz
769 247 917 278 dividens.

33 290 155 320 Dicitur
177 291 267 321 etiam
287 291 324 321 de
345 292 408 322 tot-:1
428 291 486 321 istis
507 291 588 321 Asiae
610 296 706 332 parte,
728 301 796 332 quae
820 296 863 320 est
877 291 916 320 ad

31 332 274 374 Hellespontum.
300 335 393 371 Hinc,
418 335 450 364 in
466 334 553 364 Verr.
568 333 614 372 II,
638 335 691 372 24,
722 334 917 371 Lampsacum

33 375 224 417 Hellesponti
247 377 394 418 oppidum
420 377 550 407 dicitur:
575 377 614 407 ad
633 377 706 407 Div.
734 375 833 413 XIII,
862 378 916 413 53,

35 418 164 449 Pariana
179 419 281 449 civitas
295 420 326 449 in
343 420 552 460 Hellesponto.

77 460 228 499 Hemonis,
249 462 288 492 ad
309 462 374 493 Att.
391 462 490 500 VIII,
515 465 567 500 15,
590 463 648 493 loci
663 472 773 493 nomen
790 468 876 499 esset,
893 461 918 491 si

34 503 118 534 locus
141 514 230 535 sanus
254 511 349 536 esset:
374 506 425 536 sed
446 506 509 536 sine
531 506 623 536 dubio
642 506 674 535 in
699 506 754 535 hac
770 515 839 535 voce
856 515 919 534 cor-

35 552 143 587 ruptus
155 554 207 578 est.
231 547 369 578 Graevius
383 549 467 589 legit,
484 549 522 577 orl
537 549 693 579 Chaoniam
698 550 809 589 fugam
824 549 918 576 inten-

36 590 91 628 dis,
107 589 139 619 in
155 591 216 630 quit
231 591 343 630 praedia
360 592 478 621 Atticus
487 591 618 622 habebat
631 602 640 628 ς
666 602 734 632 quae
749 590 836 621 lectio
852 600 919 620 sen-

36 641 105 662 sum
120 639 197 663 certe
212 634 405 664 commodum
421 635 520 664 habet.

78 674 170 713 Hera,
186 675 225 705 ad
240 676 306 707 Att.
328 676 373 715 II,
399 680 426 715 l,
450 678 522 707 urbs
538 677 658 716 Sicih'ae,
682 687 751 717 quae
767 682 796 707 ct
811 676 916 716 Hybla

34 717 143 748 notiori
157 718 279 748 nomine
294 719 411 750 dicitur.

77 757 232 799 Heraclea,
260 762 348 793 Verr.
375 762 440 800 ΙΙΙ,
462 764 515 800 50,
535 762 682 803 oppidum
702 762 822 801 Siciliae,
839 762 916 793 circa

31 802 143 833 ostium
159 803 243 834 fluvii
258 804 389 845 Halyci:
416 816 434 835 a
454 806 516 846 qu&
530 805 672 836 dicuntur

76 845 287 886 Heraclienses,
303 848 390 878 Verr.
408 846 468 886 IV,
486 849 537 877 43.

76 888 266 926 Heracleotae,
288 890 326 920 ad
346 890 417 921 Div.
437 889 537 929 XIII,
557 892 610 929 56,
626 891 732 922 incolae
753 890 837 921 urbis
853 890 919 921 He-

32 931 136 961 racleae
151 931 183 962 in
199 932 298 962 Caria.

77 973 209 1013 Herbita,
224 975 255 1004 in
272 976 358 1006 Verr.
376 975 436 1014 IV,
452 977 505 1015 32,
521 976 670 1017 oppidum
691 976 800 1007 Siciliae
821 975 918 1006 medi-

34 1022 175 1047 terraneae
189 1017 228 1047 ad
243 1018 368 1049 Heraeos
383 1025 500 1049 montes
514 1031 521 1049 :
547 1019 629 1049 unde

82 1060 274 1098 Herbitenses,
295 1061 327 1091 in
351 1063 438 1092 Verr.
459 1062 511 1092 lib.
529 1061 594 1099 III,
620 1063 674 1100 65,
697 1067 726 1092 et
748 1061 814 1092 aliis
836 1061 918 1091 locis.

37 1101 138 1132 Hodie
153 1104 224 1133 urbs
246 1103 277 1133 in
293 1104 388 1134 ruinis
402 1106 492 1143 jacet,
511 1106 549 1135 ab
564 1105 657 1135 Ennii
672 1115 773 1135 versus
784 1106 922 1145 Septem-

38 1144 166 1175 trionem
181 1147 321 1177 euntibus
336 1148 433 1178 obvia.
458 1148 499 1177 V.
512 1148 642 1178 Dorvill.
656 1148 748 1178 Sicul.
764 1158 788 1178 c.
805 1149 834 1177 9.

80 1186 291 1225 Ηενειιίιιηιιηι,
316 1200 339 1220 s.
366 1191 601 1228 Herculaneum,
623 1190 662 1220 ad
687 1191 753 1220 Att.
780 1189 860 1226 VII,
885 1189 918 1224 3,

36 1230 185 1270 oppidum
210 1241 269 1261 non
296 1233 399 1272 procul
426 1233 590 1275 Pompeiis.
613 1233 668 1263 Gr.
690 1234 879 1273 Ἡρακλειονε
904 1243 922 1262 a

37 1282 98 1313 quo
112 1272 221 1303 dicitur

81 1314 265 1347 Herculanea
288 1319 342 1355 via,
366 1318 442 1359 Agr.
461 1319 508 1356 II,
528 1320 577 1355 14,
599 1319 676 1349 inter
690 1318 791 1348 lacum
808 1317 918 1348 Lucri-

37 1367 111 1387 num
127 1365 157 1388 et
181 1369 274 1398 mare,
293 1361 325 1391 in
349 1361 531 1402 Campania,
552 1362 600 1392 via
614 1362 783 1392 multarum
800 1360 922 1391 delicia-

38 1411 122 1432 rum.

80 1444 317 1483 Herculanensis,
333 1446 372 1477 ad
386 1446 458 1477 Div.
476 1446 538 1485 IX,
555 1448 608 1485 25,
624 1448 663 1478 ab
678 1446 783 1478 eodem
797 1445 922 1488 oppido.

80 1487 219 1525 Hernici,
235 1489 341 1529 populi
356 1490 449 1520 Latii.

81 1531 298 1571 HIerosolyma,
324 1532 424 1563 Flacc.
445 1533 498 1572 28,
514 1533 587 1563 urbs
608 1533 767 1572 suspiciosa
790 1538 819 1562 et
833 1532 923 1563 male-

38 1571 104 1602 dica
118 1572 236 1603 dicitur.

82 1614 356 1655 Hierosolymarius,
377 1618 415 1648 ad
435 1619 501 1648 Att.
525 1616 572 1655 II,
589 1620 620 1657 9,
637 1629 689 1660 per
706 1619 811 1658 jocum
827 1618 920 1648 Pom-

41 1657 126 1698 peius
140 1657 260 1696 dicitur,
276 1661 314 1690 ab
332 1661 550 1701 Hierosolymis
565 1662 667 1702 captis.

81 1701 214 1739 Himera,
237 1702 268 1732 in
285 1703 370 1733 Verr.
386 1704 427 1740 V,
444 1705 497 1741 33,
524 1705 596 1734 urbs
621 1711 651 1735 et
668 1704 779 1735 fluvius
802 1703 924 1735 Siciliae.

84 1744 215 1783 Hirpini,
231 1744 268 1775 de
284 1745 355 1776 Div.
376 1745 403 1784 I,
421 1747 473 1783 36,
491 1747 595 1787 populi
612 1747 719 1778 Italiae.
