1137 1848
352 34 501 64 INDEX
525 34 700 65 LEGUM.
931 37 972 66 43

128 121 276 160 Pompeia
292 120 328 150 de
342 121 463 151 ambitu
477 120 612 160 ejusdem
627 120 682 150 Cn.
695 121 841 159 Pompeii
852 121 974 152 tertium

84 164 226 198 consulis,
244 163 297 203 (ad
309 166 377 194 Att.
395 164 438 200 X,
457 165 489 200 4)
505 164 568 204 qua
583 163 702 204 gravior
716 173 804 204 poena
819 170 848 193 et
857 165 974 195 brevio-

83 218 117 238 ra
129 206 243 246 judicia
258 206 418 237 constituta
439 212 518 237 sunt.
550 207 634 236 Nam
650 212 742 236 ternae
756 212 876 236 tantum
892 207 975 238 horae

85 250 123 280 ad
147 249 309 280 dicendum
330 249 408 279 datae
428 256 508 279 sunt.
539 249 577 279 In
598 250 708 286 Bruto,
732 259 756 278 c.
777 251 829 286 95,
852 249 890 279 ad
908 250 975 281 Att.

85 293 187 329 XIII,
214 294 275 327 493
312 292 365 321 ubi
389 300 433 323 est
452 293 570 322 dierum
591 292 827 333 praestitutorum
850 293 976 324 mentio.

86 335 159 367 Vid.
175 335 213 365 ad
228 335 330 365 locum
345 335 445 372 illum,
463 336 499 365 P.
513 335 703 365 Manutium.

130 380 258 413 Porcia,
275 379 328 408 ill.
348 379 457 408 Porcii
476 380 603 409 Catonis
618 377 753 414 censorii,
770 382 805 407 ut
820 377 975 409 existimat

86 421 123 452 P.
141 420 314 457 Manutius,
330 421 392 461 quii
404 426 527 451 cautum
546 428 601 458 est,
618 431 655 450 oze
679 422 747 460 qais
768 422 864 450 civem
880 422 972 451 Rom.

86 466 229 500 vinciret,
250 467 305 492 [tut
329 465 512 499 verberaret,
529 468 584 493 ant
604 468 736 500 necaret,
756 473 811 504 pro
833 464 912 494 Rab.
930 466 948 494 4
964 476 974 500 ς

86 507 175 537 Verr.
186 507 249 544 VI,
263 508 315 536 (525.
339 506 388 536 Cf.
405 507 474 537 Liv.
491 507 534 544 X,
552 508 581 537 9.
605 506 676 544 Sed,
690 506 787 536 sihaec
801 507 851 536 lex
868 513 911 536 est
926 518 976 537 ea-

85 549 168 586 dem,
185 560 254 590 quae
272 550 307 579 de
322 551 540 589 provocatione
560 549 703 580 laudatur
723 549 819 590 (quod
841 549 919 579 mihi
939 550 975 580 fit

85 593 259 629 verisimile,
293 592 416 632 quando
448 599 577 633 utraque
607 593 646 622 ad
667 592 837 622 libertatem
862 592 974 623 civium

84 634 242 676 pertinet),
259 645 319 665 non
338 635 462 665 Catonis
477 642 520 666 est
535 645 569 665 ea
584 636 646 672 lex,
661 635 714 665 sed
731 636 840 665 Porcii
861 636 972 671 ζώεις,

86 678 201 709 tribuni
214 678 257 719 pl.
273 679 315 708 A.
331 678 372 708 U.
389 679 468 713 5563
493 679 574 719 quod
589 679 687 719 placet
702 678 792 708 etiam
810 678 920 718 Pighio
935 678 975 708 ad

85 721 116 751 h.
130 732 157 751 a.
174 721 308 761 Sigonio,
324 727 353 751 et
368 722 445 751 Ant.
461 721 647 761 Augustino.
670 721 725 750 An
740 721 804 751 haec
819 721 868 751 lex
881 722 978 761 impe-

86 764 236 795 tatoribus
243 765 294 802 jus
306 764 337 794 in
347 764 445 804 capita
456 764 568 794 civium
578 764 723 795 ademerit
731 764 763 793 in
778 764 870 801 bello,
882 764 978 804 quaeri

86 813 194 848 potest.
218 807 277 837 Sed
293 812 371 837 recte
386 813 498 847 negant
513 807 656 848 Sigonius
671 812 700 837 et
715 806 860 837 Dukerus
871 807 910 837 ad
921 807 977 838 Li-

89 850 130 880 vii
146 850 230 891 Epit.
246 851 298 885 57.

131 894 250 933 Pupia,
266 903 285 923 a
301 894 405 932 Pupio
428 893 573 933 quodam,
593 892 661 923 trib.
683 892 763 933 pleb.
788 901 899 923 nomen
922 893 978 923 ha-

86 936 158 966 bere
170 935 297 966 videtur.
321 936 399 974 Ejus
414 935 479 966 haec
493 936 591 976 capita
606 935 688 976 apud
701 935 876 966 Ciceronem
892 946 979 977 repe-

86 978 140 1009 rio.
166 978 319 1016 Primum,
332 983 498 1008 ncsenatus
513 980 549 1008 de
562 978 625 1008 ullct
641 989 674 1008 re
687 982 747 1008 toto
758 988 860 1008 mense
875 981 980 1009 Janu-

87 1023 155 1051 ario
169 1022 323 1056 habeatur,
338 1023 404 1051 nisi
417 1027 475 1052 aut
486 1021 630 1062 perfectis
645 1027 701 1052 aut
713 1021 832 1060 rejectis
848 1023 977 1061 legatio-

87 1065 181 1094 nibus
197 1064 249 1098 (ad
264 1064 336 1094 Div.
354 1065 381 1099 I,
399 1066 451 1101 4):
477 1064 526 1094 cui
541 1070 618 1105 post,
635 1065 702 1105 lege
718 1064 861 1101 Gabinia,
878 1065 977 1104 adjec-

87 1115 156 1138 tum
172 1113 224 1142 est,
242 1113 277 1137 ut
292 1117 330 1137 ne
345 1107 511 1137 Februario
526 1108 661 1148 quidem,
680 1112 715 1137 ut
730 1117 823 1147 supra
837 1107 973 1138 dictum:

88 1150 230 1188 alterum,
253 1160 293 1181 ne
314 1156 438 1180 senalus
460 1151 565 1181 dicbus
586 1151 791 1181 comitialibus
812 1151 974 1182 habeatur.

89 1193 144 1223 Ad
160 1193 202 1231 Q.
218 1194 269 1223 Fr.
288 1192 334 1230 II,
355 1194 402 1223 12.

132 1237 184 1266 Dc
201 1238 366 1275 Religione
385 1236 447 1274 lex,
470 1247 539 1278 quae
554 1236 606 1272 (ad
619 1236 689 1266 Att.
711 1236 740 1275 I,
760 1236 813 1275 16)
828 1246 980 1268 memora-

90 1284 152 1316 tur,
169 1285 212 1310 est
228 1281 261 1310 F
261 1281 335 1321 zfia.

135 1324 279 1353 Remmia
296 1324 366 1364 (pro
383 1332 445 1363 quo
460 1323 566 1363 vulgg.
584 1322 650 1353 edd.
675 1322 830 1352 Memmia
854 1322 979 1361 habent,

91 1365 217 1406 quidam
233 1366 324 1396 etiam
346 1366 513 1396 Rcmnz'am
531 1366 647 1402 dicunt,
664 1372 830 1405 utrumque
843 1365 935 1404 male,
951 1372 982 1397 et

90 1409 331 1448 repugnantibus
357 1409 443 1439 codd.
462 1409 648 1445 melioribus,
670 1418 742 1438 cum
765 1408 979 1447 Ciceronianis,

91 1457 159 1481 tum
175 1451 384 1492 Digestorum,
394 1451 426 1481 in
436 1452 548 1492 quibus
557 1451 594 1482 de
603 1451 660 1481 hac
668 1451 735 1491 lege
747 1456 801 1487 est,
812 1451 979 1489 XLVIII,

95 1494 148 1530 16)
169 1504 231 1534 quo
252 1500 372 1525 auctore
393 1500 422 1524 et
441 1505 503 1535 quo
523 1504 602 1524 anno
621 1494 683 1524 lata
703 1494 752 1531 sit,
767 1503 828 1524 non
850 1500 979 1525 constat.

94 1536 165 1567 Hoc
179 1547 217 1567 ex
234 1536 296 1567 Cic.
312 1547 367 1578 pro
380 1538 411 1567 S.
428 1537 538 1568 Roscio
552 1537 660 1567 Amer.
676 1547 701 1567 c.
714 1537 765 1573 19,
781 1536 910 1577 intelligi
924 1547 980 1578 po-

94 1584 163 1615 test,
187 1579 281 1610 fuisse
302 1580 472 1620 oppositam
493 1579 691 1620 impudentiae
713 1579 979 1616 calumniatorum,

94 1631 133 1652 ne
147 1622 209 1652 scil.
225 1622 326 1653 liceret
341 1623 478 1663 quemvis
488 1623 535 1653 vel
549 1623 739 1653 innocentem
753 1622 880 1663 impune
895 1632 983 1652 accu-

95 1674 170 1701 sare,
187 1665 274 1705 eique
296 1665 466 1696 molestiam
481 1676 590 1703 creare,
615 1666 679 1696 sine
693 1664 795 1695 causa.
828 1665 878 1695 Ex
897 1675 922 1695 c.
940 1666 982 1695 20

93 1714 195 1738 autem
207 1708 368 1749 colligitur,
386 1709 639 1740 calumniatorum
648 1708 740 1739 fronti
760 1707 877 1738 literam
894 1707 986 1738 fuisse
