1122 1868
125 58 190 89 344
341 57 491 90 INDEX
515 58 802 91 HISTORICUS.

127 143 269 185 pecunias
295 145 388 175 sumit
408 155 427 175 a
450 145 577 176 Rabirio
602 146 759 176 Postumo.
781 144 820 176 ad
844 143 917 176 Div.
943 144 971 184 I,
990 149 1017 177 1.

129 198 212 228 seqq.
243 188 282 217 ab
309 187 522 219 Alexandrinis
546 199 638 229 reguo
663 189 782 230 pulsus,
807 199 826 219 a
849 194 955 218 senatu
979 189 1019 219 R.

127 229 348 260 restitutionem
363 231 394 261 in
410 241 538 271 regnum
554 232 639 272 petit.
663 232 722 262 Cui
743 232 775 262 id
790 231 902 271 negotii
919 231 1018 270 detur,

128 283 242 313 magna
254 274 452 304 controversia
466 274 534 304 fuit.
559 275 606 305 Cf.
628 276 685 305 Dio
702 275 952 306 Alexandrinus.
976 274 1018 313 Q.

129 315 180 345 Fr.
196 314 241 351 II,
258 316 306 346 10.
323 317 386 355 ejus
401 317 505 347 lectica
519 318 680 348 Aniciana.

173 358 210 394 Q.
223 359 418 397 PubHcenus,
436 360 476 398 Q.
488 361 538 390 Fr.
555 360 582 397 I,
597 362 626 391 2.
639 362 668 390 4.
688 361 729 391 Ei
739 366 838 391 statua
847 360 1016 391 decernitur

125 402 158 432 in
176 401 261 431 Asia.
284 402 406 443 Dignus
420 403 534 433 honore
550 404 611 434 illo.
647 404 706 435 Sed
731 404 850 434 videtur
871 403 1019 444 scriptura

126 444 234 475 vitiosa
251 455 312 475 esse
325 457 332 475 :
357 455 429 476 nam
445 446 502 476 hoc
517 456 628 477 nomen
645 447 794 477 Latinum
809 456 871 477 non
887 453 942 485 est,
959 446 1020 477 sal-

129 494 192 518 tem
207 497 266 517 non
282 489 380 528 gentis
396 489 515 519 nobilis.

172 531 341 566 Publicius,
360 531 432 562 Div.
452 532 480 567 I,
498 534 550 562 50.
567 538 658 563 vates.

170 573 344 611 Publicius,
362 575 452 604 Catil.
468 574 514 611 II,
533 579 562 605 2.
579 576 676 606 socius
692 575 842 606 Catilinae.

170 618 206 647 C.
224 617 391 652 Publicius
405 618 460 648 Or.
473 616 520 655 II,
534 619 586 654 67.
601 620 665 658 ejus
680 618 797 649 dictum
806 618 844 649 de
856 619 892 650 P.
906 618 1015 650 Mum-

126 669 199 689 mio.

172 704 232 733 Cn.
252 702 408 733 Publicius
424 704 619 742 Μεηαηᾱεν,
636 705 728 736 Balb.
750 709 797 736 ll.
821 705 957 741 Graecus,
978 705 1016 734 li-

124 746 272 781 bertinus,
286 747 339 787 qni
356 756 426 777 cum
442 747 550 787 legatis
566 748 715 778 Romanis
728 748 761 778 in
778 748 928 778 Graeciam
943 748 1018 778 mis-

123 799 175 818 sus
191 795 246 826 est,
263 789 330 829 lege
343 790 405 819 latim
421 789 464 819 ita
480 790 631 820 civitaten]
647 791 766 829 habuit,
787 798 822 822 ut
842 791 914 822 civis
929 797 1015 829 esset,

122 831 149 861 si
165 831 293 861 domum
309 831 447 869 redisset,
465 838 494 862 et
508 833 579 863 inde
595 834 729 863 Romam
745 833 921 865 revertisset.

164 875 205 904 L.
227 874 400 913 Publicius,
418 875 527 912 Quint.
545 877 574 905 ὓ.
592 877 812 917 venaliciarius,
829 888 852 908 s.
867 886 1001 917 mango„

170 918 207 952 Q.
226 917 396 955 Publicius,
414 918 483 948 Clu.
505 919 552 948 15.
570 925 688 960 praetor.

169 961 322 1000 Publilia,
338 963 407 992 Att.
426 962 509 999 XII,
525 963 577 992 32.
595 962 746 994 Ciceronis
761 969 830 1004 post
839 962 1016 993 Terentiam

127 1013 216 1034 uxor.

170 1047 333 1085 Publilius,
352 1047 416 1077 Att.
434 1047 517 1082 XII,
535 1048 564 1082 7.
581 1059 663 1080 socer
680 1047 845 1087 Ciceronis,
861 1054 892 1079 et
907 1049 1018 1079 Publi-

125 1089 174 1120 liae
185 1096 281 1130 pater,
293 1091 340 1122 vel
352 1091 452 1121 frater.

168 1133 295 1164 Publius
310 1135 417 1174 Syrus,
440 1133 479 1164 ad
505 1134 578 1166 Div.
600 1134 682 1173 XII,
714 1136 762 1165 18.
784 1134 908 1166 mimus.
943 1134 1012 1164 Att.

126 1175 219 1211 XlV,
236 1181 265 1207 2.

166 1219 309 1257 Publius,
335 1220 373 1250 ad
395 1219 468 1250 Div.
484 1220 580 1259 XVI,
598 1224 649 1251 22.
682 1220 819 1259 Quidam
845 1221 883 1252 de
909 1220 1016 1251 Clodio

126 1262 326 1303 intelligunt3
352 1263 405 1294 sed
424 1263 533 1294 rectius
549 1264 712 1302 Corradus,
736 1265 773 1295 de
797 1264 941 1294 creditore
966 1263 1018 1293 Ci-

123 1306 251 1345 ceronis,
275 1306 306 1336 in
330 1316 392 1347 quo
414 1307 502 1346 jocus
525 1313 594 1344 est;
619 1307 671 1337 sed
686 1308 754 1338 Att.
771 1306 818 1346 II,
836 1308 866 1343 7.
883 1312 926 1338 est
942 1305 1016 1339 Clo-

123 1348 203 1379 dius.

165 1392 353 1430 Pulclzellus,
370 1391 440 1422 Att.
458 1391 504 1428 ΙΙ,
522 1396 548 1424 l.
565 1394 623 1424 ἃς.
640 1392 777 1424 Clodius.

122 1476 155 1506 di
168 1435 279 1466 Pullus
296 1437 514 1476 Numitorius,
532 1436 601 1467 Fin.
615 1437 657 1476 V,
675 1441 727 1468 22.
744 1437 897 1478 Fregellas
912 1439 1015 1480 prodi.

156 1482 178 1506 t.

168 1520 226 1550 Cu.
244 1520 376 1561 Pupius,
392 1521 431 1553 ad
446 1521 520 1554 Div.
536 1523 639 1562 XIII,
660 1525 690 1556 9.
705 1523 737 1554 in
752 1523 849 1565 operis
864 1524 1011 1559 societatis

124 1561 311 1603 Bithynicae.

167 1607 221 1635 M.
239 1606 370 1647 Pupius,
389 1607 483 1639 Dom.
501 1608 602 1647 XIII,
619 1609 743 1650 adoptat
759 1609 912 1642 Pisonem.

165 1649 313 1688 Pylades,
329 1651 398 1681 Fin.
415 1650 462 1688 II,
479 1653 531 1683 24.
558 1652 674 1684 amicus
691 1652 828 1690 Orestae3
851 1663 870 1684 a
885 1664 957 1696 quo,
983 1666 1009 1687 c.

122 1690 175 1728 26,
191 1691 328 1733 Pyladea
342 1694 485 1725 amicitia.

165 1735 297 1775 Pyrrho,
313 1736 381 1768 Fin.
402 1737 449 1776 ΙΙ,
472 1742 518 1769 ll.
546 1742 591 1770 13.
617 1738 706 1771 Offic.
726 1739 754 1776 Ι,
778 1744 808 1770 2.
828 1739 865 1771 de
887 1750 1010 1773 summo
