1137 1848
313 87 463 118 INDEX
488 86 775 118 ffls'romct‘s.
929 85 986 115 139

92 173 229 214 sequitur
244 180 311 213 post
325 182 462 213 pugnam
473 172 681 203 Mutinensem
696 173 828 202 Plancus
841 181 910 201 cum
921 171 983 200 fra-

92 222 146 246 tre.
163 215 201 245 ad
212 215 283 245 Div.
294 215 338 254 X,
355 217 407 245 33.
423 222 490 256 post
501 226 637 256 pugnam
649 215 871 252 Mutinensem,
882 214 982 255 Alpes

92 264 228 298 occupat.

135 302 182 330 M.
197 302 368 338 Antonius,
386 301 475 331 Offie.
488 300 534 339 ΙΙ,
552 302 597 331 14.
609 308 716 332 orator.
733 299 915 331 Aecusando
926 309 982 329 no-

92 344 226 374 bilitatus
242 350 294 374 est.
319 345 410 375 Brut.
427 346 477 374 363.
502 345 600 385 qualis
618 352 725 375 orator.
749 344 843 373 Tusc.
861 343 909 377 ΙΙ,
926 344 978 371 23.

92 388 157 426 ejus
173 387 205 416 in
227 387 353 417 dicendo
368 388 527 417 contentio.
551 388 674 417 Cluent.
694 389 744 417 50.
767 396 860 426 quare
882 385 983 415 nullas

90 429 238 460 orationes
257 430 392 460 ediderit.
417 430 472 460 Or.
496 431 543 465 ΙΙ,
571 431 597 460 1.
620 430 718 460 omnis
739 428 914 459 eruditionis
930 439 983 458 ex-

90 482 160 512 pers
175 478 299 512 putatus
315 480 370 504 est.
392 473 478 503 Verr.
495 472 540 508 ΙΙ,
558 474 608 503 ⁴23.
626 478 750 513 putatus
767 477 811 502 est
822 472 921 501 nullas
937 477 983 500 ta-

91 515 179 545 bulas
195 516 353 546 conficere:
371 516 456 546 falso.
472 516 510 546 ad
526 516 615 553 Quir.
632 522 700 556 post
715 515 793 545 Red.
806 517 839 543 5.
862 513 983 544 Consul

92 568 160 587 cun]
177 558 220 588 A.
238 558 361 589 Albino.
386 558 441 589 Or.
452 559 499 596 ΙΙ,
514 560 540 588 l.
559 559 698 589 Ciliciam
715 557 877 598 proconsul
892 556 980 586 rexit.

92 600 167 630 ibid.
192 602 242 631 46.
266 601 316 631 M'
337 602 515 642 Aquillium
537 607 566 632 et
585 602 621 631 C.
636 602 819 631 Norbanum
835 599 981 630 defendit.

93 643 166 674 ibid.
192 643 237 680 ΙΙ,
256 645 306 679 67.
331 644 446 674 Censor
467 645 504 674 de
524 644 641 674 ambitu
662 655 730 674 reus
747 644 846 673 factus
865 648 917 673 est.
941 643 980 672 ad

92 686 165 717 Div.
182 687 212 717 V
218 688 244 723 Ι,
261 689 290 716 2.
308 687 423 717 belluni
435 688 521 718 civile
536 688 680 728 praedicit.
702 685 829 723 Or.111‚
843 686 872 715 3.
891 686 985 715 inter-

92 729 186 760 fectus
201 730 232 759 in
250 730 394 760 Mariana
408 730 634 771 proscriptione,
652 736 803 770 caputque
818 729 850 758 in
866 728 986 759 Rostris

93 774 227 812 positum
243 779 295 802 est.
318 773 356 802 ad
374 773 448 802 Her.
464 773 525 809 IV,
544 775 573 802 5.
597 773 637 803 V.
654 773 685 803 in
702 774 809 803 Bruto.
833 772 888 802 Or.
907 772 935 808 Ι,
953 772 984 806 7.

93 815 130 845 de
145 816 201 846 hoc
211 815 358 852 Antonio,
370 822 404 845 ut
416 823 445 846 et
457 816 493 846 de
508 816 542 846 C.
557 816 619 846 Cic.
633 816 758 855 collega.
773 822 801 845 et
812 814 982 851 triumviro,

95 859 214 898 egregia
238 859 396 898 congessit,
422 865 451 889 et
471 859 606 889 nummis
621 859 795 896 illustravit,
813 857 927 887 Valens
950 857 982 886 in

95 901 206 931 Famil.
224 902 316 931 Rom.
331 902 370 931 T.
386 902 413 935 Ι,
430 913 460 942 p.
479 903 530 936 79.
558 913 622 942 sqq.

137 946 184 974 M.
200 946 370 980 Λιιιωηίιιε,
388 945 435 974 Μ.
453 945 474 974 f.
491 944 521 974 in
538 945 626 975 Verr.
642 944 706 981 ΙΙΙ,
720 946 749 974 3.
762 945 822 981 IV,
840 944 891 975 91.
906 954 986 984 prae-

96 993 150 1017 tor.
177 987 336 1017 Infinitum
353 988 515 1028 imperium
532 989 607 1026 ejus,
628 988 710 1028 quod
731 988 793 1017 scil.
815 993 921 1017 nactus
940 992 985 1016 est

95 1030 126 1059 in
143 1040 248 1060 omnes
266 1041 332 1060 oras
353 1031 520 1060 maritimas
544 1031 672 1061 factione
692 1030 820 1070 Cethegi
841 1036 870 1060 et
887 1029 985 1070 grati&

95 1074 194 1103 Cottae
209 1074 350 1109 consulis,
365 1076 406 1103 A.
419 1074 459 1103 U.
477 1075 548 1108 1579.
567 1074 773 1103 Avarissimus
787 1073 890 1109 homo,
908 1072 984 1102 Sici-

93 1116 168 1145 liam
184 1116 395 1156 depopulatur.
420 1116 476 1146 Est
495 1117 619 1146 oratoris
641 1117 732 1153 filius,
755 1115 907 1146 triumviri
930 1126 984 1155 pa-

93 1164 149 1195 ter,
166 1159 219 1198 qui
240 1159 271 1188 in
290 1159 479 1199 expeditione
498 1159 645 1197 Cretensi,
665 1170 683 1189 a
704 1159 766 1200 quit
786 1158 923 1189 Creticus
941 1163 986 1188 est

93 1202 275 1242 appellatus,
292 1202 390 1242 periit.

138 1246 185 1274 M.
202 1246 370 1283 Antonius,
396 1246 444 1275 M.
462 1246 591 1275 Antonii
618 1246 729 1276 Cretici
744 1246 780 1276 F-
798 1245 922 1275 oratoris
939 1244 983 1274 N.

93 1287 174 1316 Phil.
194 1288 241 1325 ΙΙ,
256 1289 285 1317 2.
309 1289 349 1325 Q.
368 1288 457 1318 Fadii
471 1289 604 1318 libertini
620 1289 712 1319 filiani
730 1289 821 1318 ducit.
847 1289 927 1318 Cum
946 1288 982 1317 C.

94 1330 226 1360 Curione
242 1330 283 1360 fil.
300 1331 458 1361 libidinem
475 1338 600 1361 exercet.
619 1332 657 1361 ad
678 1332 750 1361 Div.
770 1331 834 1367 ΙΙΙ,
852 1333 881 1360 (ἑ.
905 1341 983 1370 prae-

92 1373 188 1403 fectus
204 1380 394 1403 evocatorum
410 1374 441 1403 in
458 1374 575 1404 Cilicia.
602 1375 682 1404 Phil.
706 1373 752 1411 ΙΙ,
770 1376 820 1403 20.
847 1373 883 1402 In
899 1384 983 1413 quae-

93 1416 187 1453 stul-Ca,
205 1416 267 1446 sine
283 1416 375 1452 SCtoq
388 1423 476 1454 sorte,
487 1417 564 1458 lege,
578 1423 709 1457 egestate
719 1424 849 1454 coactus,
865 1416 904 1446 ad
915 1416 984 1447 Cae-

91 1468 188 1488 sarem
210 1459 240 1488 in
262 1460 447 1499 provinciam
469 1460 676 1500 proficiscitur.
701 1461 738 1490 In
755 1460 923 1495 tribunatu.
948 1459 985 1489 C.

91 1500 239 1531 Marcello
255 1508 285 1531 et
308 1502 347 1531 L.
365 1502 497 1532 Lentulo
513 1503 596 1532 Coss.
614 1503 697 1533 §cto
713 1509 815 1533 contra
830 1502 983 1532 Caesarem

90 1543 257 1580 intercedit.
275 1550 304 1574 et
319 1545 357 1574 ad
374 1546 526 1575 Caesarem
542 1545 630 1585 fugit.
656 1546 745 1576 Conf.
763 1545 841 1576 Caes.
858 1546 896 1575 Β.
913 1544 981 1575 Civ.

90 1585 118 1621 Ι,
142 1590 166 1616 Ι.
191 1587 262 1616 Mil.
282 1588 329 1617 15.
360 1588 394 1617 Ρ.
413 1588 558 1618 Clodium
573 1588 739 1618 interficere
754 1595 889 1618 conatur.
914 1588 983 1617 Att.

90 1629 173 1667 VII,
190 1631 219 1659 8.
244 1631 309 1669 ejus
335 1631 449 1660 tribuni
476 1631 518 1670 pl.
543 1631 646 1661 concio
670 1631 701 1661 in
729 1631 924 1671 Pompeium.
944 1630 983 1660 ad

79 1671 163 1702 ·Div.
181 1673 281 1709 VIII,
302 1673 350 1703 14.
366 1684 465 1714 augur
480 1673 523 1703 fit.
545 1674 626 1703 Phil.
645 1674 692 1711 ΙΙ,
713 1675 763 1704 14.
779 1685 797 1704 a
814 1674 848 1704 C.
866 1674 985 1704 Trebo-

90 1715 141 1745 nio
165 1722 332 1752 sevocatur‚
352 1716 428 1746 dum
449 1716 552 1746 Caesar
576 1716 764 1748 interficitur.
801 1717 882 1747 Phil.
902 1717 929 1753 1,
957 1718 984 1744 1.

91 1758 194 1788 statim
217 1764 285 1799 post
309 1759 422 1790 caedeni
450 1759 590 1800 Caesaris,
615 1760 815 1801 optimatibus
841 1760 933 1797 favet.
959 1764 989 1789 et
