1137 1848
229 51 379 84 INDEX
401 52 656 84 GEOGRAPH
662 51 770 84 ICUS.
901 51 939 81 61

56 137 176 178 scriptio
198 144 243 169 est
267 138 350 180 apud
371 139 550 180 Polybium,
576 137 639 176 IX,
664 149 694 179 p.
712 138 787 176 779,
812 137 858 168 ed.
888 136 942 168 Gr.

56 181 147 211 Unde

100 225 302 263 Agrigentini.
317 224 347 254 in
358 225 447 255 Verr.
468 224 534 263 111,
551 226 603 255 50.

100 268 236 306 Agrinae,
260 267 291 296 in
320 268 382 297 Pis.
411 279 435 298 c.
460 270 513 305 37,
539 274 611 298 sunt
635 267 742 308 populi
765 265 942 297 Thessaliam

55 309 126 347 Sed,
138 320 193 350 pro
204 320 272 350 gen.
285 311 480 350 Agrinarum,
492 312 638 341 Turnebo
652 311 818 343 Agrianum
834 310 943 351 placet,

53 353 141 392 cujus
164 353 271 393 populi
291 354 405 383 mentio
427 364 476 395 ap.
502 354 573 384 Liv.
596 353 764 390 XXVIII,
789 355 820 389 5,
844 353 898 383 ubi
914 363 943 383 v.

54 395 158 435 Sigon.
180 401 209 426 et
235 396 330 426 Gron.
355 396 428 426 item
451 397 489 427 ad
513 396 683 433 XXXIII,
703 396 751 425 18.
783 397 943 435 Agriarum

53 438 189 476 mallem,
206 439 231 469 si
246 439 320 480 quid
329 439 523 470 mutandum.
546 440 631 470 Nam
642 439 766 480 propius
781 438 894 470 accedit
905 437 945 468 ad

54 481 238 521 vulgatum3
271 487 300 512 et
327 489 372 512 est
397 481 478 513 idem
504 483 646 524 populus.
670 482 710 512 V.
738 481 884 523 stephan.
911 481 943 511 in

51 527 163 563 Αγριαι.

98 567 260 607 Agyrium,
277 568 307 598 in
320 567 409 599 Verr.
422 567 483 607 IV,
495 570 548 607 27,
561 568 709 610 oppidum
725 567 835 599 Siciliae
849 577 944 609 prope

53 608 83 638 fl.
100 610 302 650 Symaethum.

98 654 306 693 Agyrinensis,
322 653 353 683 'm
370 654 458 685 Verr.
476 653 541 692 III,
558 656 600 688 93
625 653 685 691 IV,
703 655 753 688 18,
771 655 828 684 &c-

100 697 302 734 Alabandum,
326 706 350 727 S.
369 698 555 735 Alabandus,
578 698 616 728 de
639 698 713 727 Nat·
738 697 780 727 D.
799 697 866 734 III,
891 697 943 734 14,

55 739 128 769 urbs
145 739 242 769 Cariae
253 750 346 780 prope
361 740 475 771 flumen
493 741 699 771 Maeandrum.
722 740 815 770 Unde

100 782 291 820 Alabousleis,
319 782 357 812 ad
383 783 455 813 Div.
483 782 585 822 XIII,
608 784 660 821 56,
685 783 738 823 qui
759 790 804 813 est
818 782 945 824 pluralis

56 824 182 855 Graecus
208 835 246 855 ex
271 826 462 856 Alabandeus
486 826 711 867 (Αλαβανδευς),
736 825 817 866 quod
843 831 887 856 est
912 826 944 855 in

56 867 145 898 Brut.
163 870 204 899 95
218 878 227 903 3
253 878 290 898 ex
305 878 367 909 quo
381 869 461 899 male
476 868 601 910 quidam
613 867 710 899 fecssre
720 870 922 898 Alabandaeus
933 881 944 899 .·

54 910 141 947 item,
159 912 382 941 Alabandenses-

99 955 189 991 Alba,
213 953 252 984 ad
269 954 335 984 Att.
350 954 450 992 VIII,
479 955 530 991 12,
556 960 600 985 est
620 954 705 985 Alba
726 954 879 991 Fucentis,
904 954 943 984 ad

57 996 176 1027 Lacum
192 997 357 1033 Fucinum,
374 998 490 1028 colonia
505 999 598 1028 Rom.
614 997 644 1026 in
663 997 786 1027 Marsis.
810 997 895 1027 Nam
911 1006 946 1028 ea

56 1045 101 1069 est
116 1049 176 1070 non
188 1040 293 1080 procul
304 1040 461 1077 Sulmone,
473 1041 521 1071 cui
532 1041 554 1070 l.
567 1051 593 1071 c.
608 1051 626 1070 a
638 1039 782 1072 Cicerone
794 1040 945 1081 jungitur.

58 1081 148 1113 Conf.
166 1083 229 1121 IX,
246 1084 276 1119 6,
295 1089 324 1113 et
338 1082 381 1113 ibi
396 1083 530 1124 Malasp.

102 1126 233 1163 Athana,
250 1126 306 1157 Or.
322 1136 377 1166 pro
392 1126 458 1166 lege
471 1127 580 1167 Agrar.
598 1125 644 1163 II,
662 1126 715 1163 34,
740 1126 823 1156 vicus
838 1126 886 1156 vel
900 1125 947 1156 fo-

56 1178 127 1198 rum
143 1168 268 1210 Capuae,
293 1168 346 1199 ubi
368 1169 563 1210 unguentarii
578 1169 696 1200 venales
718 1179 831 1199 merces
853 1169 946 1199 habe-

54 1212 138 1242 bant.

97 1255 216 1284 Albana
229 1266 318 1295 aqua,
335 1255 373 1286 de
388 1255 461 1286 Div.
479 1254 506 1293 I,
524 1256 577 1292 44,
599 1263 643 1285 est
657 1256 740 1286 lacus
755 1255 898 1285 Albanus
913 1254 945 1284 in

57 1297 148 1327 Latio
167 1307 260 1338 prope
275 1299 393 1329 Albam
413 1299 555 1339 Longam
575 1299 614 1329 ab
630 1298 761 1329 Ascanio
781 1297 944 1335 conditam,

54 1340 93 1370 de
107 1341 170 1381 qua
186 1341 254 1371 Liv.
268 1339 295 1378 I,
312 1342 342 1371 3.

99 1384 260 1421 Albanum,
277 1384 316 1414 ad
331 1384 399 1414 Att.
422 1384 484 1421 IV,
509 1385 559 1421 ll,
583 1383 734 1425 praedium
753 1383 892 1424 Pompeii
914 1383 945 1413 in

57 1436 129 1466 agro
145 1437 239 1467 prope
256 1427 367 1457 Albam
386 1427 536 1467 Longam.

102 1470 234 1499 Albanus
249 1480 330 1499 mons
346 1480 456 1500 nomen
472 1470 563 1500 habet
577 1471 616 1499 ab
631 1468 715 1500 Alba
727 1468 843 1509 Longa.
861 1468 898 1498 In
910 1479 945 1499 eo

56 1512 218 1552 quotannis
234 1512 316 1543 feriae
326 1513 446 1543 Latinae
461 1513 686 1543 celebrabantur
702 1523 720 1542 a
730 1513 818 1543 Rom(
839 1518 868 1541 et
884 1511 946 1541 La-

55 1554 137 1593 tinis,
154 1555 184 1585 in
200 1556 379 1586 memoriam
391 1556 508 1586 foederis
523 1556 596 1585 olim
609 1555 686 1585 inter
701 1566 750 1586 eos
764 1555 825 1585 icti.
849 1554 945 1585 Cura-

56 1598 99 1627 tio
122 1598 196 1628 sacri
218 1604 281 1628 erat
303 1599 472 1629 consulum.
496 1598 578 1629 Vide
598 1598 635 1629 de
656 1598 728 1629 Div.
751 1597 780 1637 Ι,
805 1598 838 1628 ll
857 1608 866 1634 ;
891 1607 947 1638 pro

58 1640 188 1677 Milone,
210 1641 314 1670 Albani
330 1643 436 1671 tumuli
451 1641 602 1672 dicuntur.

100 1684 234 1713 Albanus
251 1685 342 1722 lacus,
354 1684 392 1715 de
407 1684 479 1716 Div.
498 1684 526 1723 I,
544 1685 596 1715 44.

145 1727 294 1766 (Clavis.)
708 1737 729 1755 u
