1137 1848
293 127 440 159 INDEX
465 126 750 158 HISTORICUS.
906 127 965 159 149

91 224 93 226 ·
120 214 314 253 Asclepiades,
336 214 428 245 Tusc.
445 212 488 250 V,
505 216 557 244 39.
580 212 735 243 Eretricus
754 212 965 254 philosophus·

79 257 252 288 Caecitatem
269 267 356 297 aequo
371 257 473 287 animo
485 257 551 286 fert.

121 300 311 339 Asclepiades,
327 300 424 330 Flacc.
446 303 493 330 15.
517 298 727 329 Acmonensis.

121 344 321 381 Asclepiades,
338 342 375 373 de
385 343 440 373 Or.
458 343 484 379 I,
502 345 548 372 14.
568 341 713 377 medicus,
724 340 838 372 amicus
852 342 963 379 Crassi,

76 386 229 427 eloquens.
250 386 319 416 Hoc
334 385 399 416 loco
414 386 555 415 inductus
571 384 729 419 Cocchius,
743 385 877 415 medicus
894 385 965 415 Flo-

77 429 223 467 rentinus,
255 434 344 468 negat
373 439 479 458 verum
505 438 579 465 esse,
607 427 689 468 quod
714 427 816 467 vulgo,
845 435 965 458 auctore

77 471 188 509 Plinio,
207 472 250 502 H.
269 472 310 501 N.
328 471 475 508 XXVII,
499 474 528 501 3.
553 476 702 505 statuunt,
725 480 795 500 eum
814 471 964 510 aequalem

76 514 133 545 Cn.
152 515 298 555 Pompeio
313 514 416 551 fuisse,
437 515 468 543 in
485 513 562 543 notis
583 513 621 542 ad
640 513 798 553 scriptores
820 513 963 553 Chirurg.

78 557 209 594 Graecos,
226 568 257 598 p.
278 560 336 588 154
351 569 359 586 ε
384 557 466 598 quod
479 556 559 587 enim
576 556 703 586 Crassus
719 555 756 585 de
767 566 801 585 eo
816 556 962 596 loquitur,

76 601 225 639 majorem
250 600 399 641 Pompeio
423 610 485 630 esse
508 599 658 636 debuisse,
681 605 710 628 et
729 598 869 628 Plinium
890 598 965 628 adeo

78 642 197 673 errasse.
209 643 306 681 Quasi
327 653 387 673 non
402 642 533 683 potuerit
548 642 648 672 Crassi
663 647 798 682 tempore
813 642 905 681 paulo
914 642 966 681 ju-

77 686 143 716 nior
158 685 270 721 fuisse3
295 692 347 715 aut
367 685 522 726 probabile
540 685 588 721 sit,
612 684 764 721 Plinium,
786 684 965 724 diligentem

76 729 261 769 scriptorem,
278 728 310 758 in
325 739 356 758 re
370 729 491 766 errasse,
517 738 586 768 quae
608 737 669 757 non
687 727 824 757 multum
845 728 883 758 ab
905 727 966 758 suis

79 772 266 812 temporibus
286 772 408 801 abesset.

123 816 170 844 Ill.
189 816 323 853 Asellius,
339 814 409 844 Clu.
425 815 476 844 61.
495 813 632 843 Larinas.

121 858 260 894 Ascllz'us,
277 857 313 887 de
325 857 421 897 Legg.
436 857 464 895 Ι,
481 860 510 886 2.
527 856 685 886 historicus
701 854 830 886 Latinus
844 855 966 896 langui-

79 900 136 930 dus
148 906 177 930 et
191 900 325 930 inscitus.

123 944 249 980 Asellus,
265 942 321 973 Or.
342 941 388 978 II,
406 942 457 971 64.

80 994 84 997 ’
122 986 252 1021 Asinius,
273 985 357 1015 Phil.
375 984 475 1022 XIII,
494 988 542 1016 13.
563 990 682 1015 senator
694 983 896 1023 voluntarius,
912 983 968 1025 qui

78 1040 109 1060 se
124 1030 188 1070 ipse
203 1028 272 1059 fecit
287 1034 465 1065 senatorem,
482 1027 625 1058 beneficio
641 1027 780 1058 Antonii.

123 1073 253 1109 Asinius,
271 1071 409 1108 Larinas,
427 1071 549 1101 Cluent.
567 1074 618 1101 Α13.

123 1117 244 1146 Asinius
260 1114 372 1151 Demo,
385 1113 477 1144 Attio.
490 1114 532 1153 V,
549 1118 601 1145 20.
617 1112 751 1144 centurio
765 1112 857 1154 primi
872 1112 927 1154 pili
936 1112 969 1143 in

79 1158 211 1189 exercitu
228 1157 344 1187 Bibuli.

122 1202 242 1232 Asinius
257 1200 370 1237 Ponio,
381 1199 420 1229 ad
434 1199 506 1230 Div.
521 1199 565 1237 X,
582 1210 628 1240 ep.
641 1202 693 1230 33.
703 1199 819 1229 amicus
831 1198 968 1229 Antonii.

78 1244 151 1274 ibid.
169 1247 220 1275 31.
234 1247 286 1274 32.
308 1249 337 1273 et
353 1246 404 1273 33.
428 1253 465 1272 ex
482 1243 644 1283 Hispania,
661 1242 709 1272 cui
725 1252 743 1272 a
758 1242 877 1272 Caesare
892 1251 970 1281 prae-

79 1286 176 1317 fectus
191 1292 264 1325 erat,
281 1286 319 1316 ad
335 1285 512 1316 Ciceronem
534 1286 646 1322 scribit,
665 1290 694 1314 et
709 1284 855 1315 libertatis
871 1294 901 1314 se
916 1294 970 1314 cu-

78 1330 187 1370 pidum
205 1329 344 1367 ostendit,
370 1330 426 1358 &Q
457 1328 536 1368 Ejus
554 1328 687 1369 epistolae
703 1333 775 1357 sunt
789 1327 842 1357 lib.
855 1327 899 1364 X,
913 1330 965 1357 31.

77 1377 130 1404 32.
144 1376 196 1403 33.
219 1372 268 1402 De
283 1382 317 1402 eo
332 1371 491 1412 diligenter
507 1378 536 1402 et
551 1376 687 1401 accurate
702 1370 763 1410 egit
783 1370 823 1399 P.
841 1369 966 1400 Manut.

78 1416 118 1445 ad
127 1416 148 1446 1.
159 1426 183 1446 c.
201 1425 247 1456 ep.
258 1419 309 1446 31.
325 1414 398 1445 locis
409 1419 544 1444 veterum
557 1414 594 1444 de
606 1424 640 1444 eo
652 1413 806 1452 congestis.
825 1412 873 1442 Cf.
892 1413 969 1443 Intt.

76 1459 117 1488 ad
131 1459 238 1489 Horat.
256 1458 357 1488 Carm.
372 1457 420 1494 ΙΙ,
442 1461 468 1487 l.
492 1457 541 1487 De
558 1458 622 1496 ejus
637 1456 772 1496 posteris,
784 1466 811 1485 v.
826 1455 910 1496 Lips.
928 1455 967 1485 ad

79 1501 177 1532 Tacit.
194 1501 236 1531 A.
254 1500 319 1540 111,
342 1503 392 1534 75.
413 1499 564 1541 imprimis
584 1499 740 1540 Ryckium
757 1498 796 1528 ad
812 1498 911 1528 Tacit.
934 1508 967 1539 p.

124 1588 259 1626 Aspasia,
290 1587 327 1617 de
348 1587 419 1618 Inv.
440 1587 470 1624 I,
490 1589 541 1617 31.
565 1584 724 1626 sophistria
744 1583 868 1614 Milesia
891 1584 968 1614 cele-

76 1630 151 1667 bris,
169 1629 298 1660 Socratis
313 1629 342 1659 in
361 1629 539 1670 eloquentiae
555 1628 654 1659 studio
669 1627 824 1668 magistra,
844 1627 967 1657 Periclis

77 1673 203 1703 tandem
226 1683 323 1708 uxor3
348 1672 386 1703 de
412 1672 474 1713 qua
495 1671 563 1702 vide
580 1670 730 1711 imprimis
750 1670 908 1699 Plutarch.
934 1669 967 1699 in

76 1716 209 1754 Pericle,
232 1726 262 1756 p.
283 1716 352 1747 165.
377 1715 423 1746 ed.
446 1714 585 1746 lVechel.
610 1713 665 1743 ubi
682 1718 820 1743 accurate
840 1712 877 1742 de
902 1713 967 1752 ejus

78 1759 241 1798 natalibus,
256 1758 382 1798 artibus,
398 1758 468 1790 vitae
484 1767 605 1799 genere,
623 1757 684 1788 &c.
702 1756 774 1827 agist.

700 1807 720 1828 o
738 1800 744 1808 ¹
