1137 1848
293 63 442 94 INDEX
466 63 752 97 HISTORICUS.
900 66 963 100 327

119 148 236 186 Philus,
258 149 327 179 Att.
344 149 405 187 IV,
426 153 473 180 16.
488 160 655 190 cognomen
672 151 709 181 L.
728 151 840 182 Fulvii.
858 151 962 180 Amic.

80 190 109 219 4.
130 192 160 225 7.
179 191 225 221 lo.
239 192 389 222 laudatur.

123 234 268 272 Phintias,
285 235 375 265 Offic.
393 235 457 273 III,
477 238 524 267 10.
540 236 759 277 Pythagoreus.

120 277 254 316 Phoenir,
272 277 327 308 Or.
346 278 413 316 ΙΙΙ,
434 280 481 308 15.
501 289 600 309 comes
616 279 761 317 Achillis,
779 279 917 309 disertus.

119 320 269 356 Phormio,
291 321 347 351 Or.
373 322 421 358 II,
446 323 493 352 18.
519 322 748 362 Peripateticus,
771 323 825 363 qui
848 321 963 362 Ephesi

75 362 163 400 vixit,
180 364 217 393 ab
235 364 408 394 Hannibale
421 365 555 402 auditur,
573 372 602 395 et
617 365 739 395 ridetur.
756 375 782 395 c.
802 366 849 396 19.
866 365 963 395 Phor-

76 405 192 436 miones
207 406 359 443 dicuntur,
376 408 430 448 qui
451 407 488 438 de
503 418 534 438 re
556 407 735 449 praecipiunt
751 414 781 438 et
801 408 963 445 disserunt,

77 458 172 488 quam
187 459 249 479 non
264 449 449 490 intelligunt.

119 492 273 529 Phoronis,
298 493 372 522 Nat.
389 493 431 524 D.
452 491 518 531 111,
546 494 598 524 22.
613 493 752 525 Valentis
773 503 861 531 uxor,
879 493 965 523 Mer-

79 534 155 564 curii
169 535 326 574 eujusdam
342 543 448 567 mater.

123 579 235 616 Pictor,
252 578 307 609 Or.
326 579 373 615 II,
394 583 440 610 12.
456 580 497 610 V.
516 580 622 610 Fabius
639 581 752 610 Pictor.

123 622 268 659 Pierides,
285 627 314 651 et
333 624 456 661 Pieriae,
483 623 558 653 Nat.
583 622 625 653 D.
649 622 714 661 III,
738 625 790 653 21.
806 622 908 652 Musae
923 633 959 652 ex

80 662 220 704 Antiopa
236 670 265 694 et
282 664 381 694 Piero.

123 708 254 744 Pierius,
273 718 295 737 s.
314 709 435 747 Pierus,
448 708 520 739 ibid.
534 715 618 749 pater
634 708 791 740 Pieridum
804 718 912 739 novem
927 719 965 738 ex

79 749 225 790 Antiope.

123 794 231 832 Pietas,
256 793 329 824 Div.
348 793 375 831 I,
393 795 444 824 43.
461 795 525 833 ejus
540 794 617 825 aedes
633 794 751 825 Romae.

122 837 217 873 Pilia,
241 835 309 867 Att.
323 837 383 874 IV,
401 838 429 867 4.
446 839 503 867 διο.
519 848 596 867 uxor
611 837 717 867 Attici.

120 880 168 909 M.
186 881 299 917 Pilius,
316 880 383 910 Att.
399 879 505 917 XIII,
525 881 576 910 31.
592 879 632 910 ad.
652 879 725 910 Div.
742 878 841 914 VIII,
867 881 896 909 8.
912 889 966 910 ne.

77 922 221 953 cessarius
244 922 352 962 Attici,
376 923 425 954 M.
442 923 604 954 Servilium
625 922 663 952 de
684 923 857 964 repetundis
880 932 967 953 reum

80 965 164 996 facit.

126 1009 163 1044 Q.
182 1008 291 1044 Pilius,
309 1009 375 1039 Att.
392 1009 451 1045 IV,
470 1010 518 1045 17.
533 1008 716 1040 necessarius
732 1008 840 1040 Attici.

120 1053 220 1090 Picus,
248 1052 287 1082 ad
302 1053 391 1082 Brut.
408 1063 456 1094 ep.
480 1054 509 1088 7.
534 1052 620 1083 affert
637 1052 739 1085 literas
760 1052 850 1082 Bruti
874 1052 905 1082 in
921 1062 967 1082 se-

82 1100 199 1124 natum.

123 1138 240 1168 Pinarii
256 1139 374 1175 Nattae,
391 1139 463 1169 Div.
479 1139 528 1173 II,
541 1142 592 1169 21.
608 1138 734 1168 nobiles.
748 1138 789 1167 V.
811 1138 847 1168 L.
859 1139 966 1169 Natta.

128 1182 165 1211 T.
181 1182 334 1219 Pinarius,
350 1182 388 1212 ad
404 1182 476 1212 Div.
494 1181 575 1220 XII,
588 1183 638 1211 24.
657 1181 723 1211 Att.
740 1181 802 1220 VI,
824 1185 848 1212 l.
866 1179 966 1219 VIII,

85 1226 134 1254 15.
151 1224 266 1254 amicus
282 1225 443 1255 Ciceronis.

123 1268 170 1296 M.
188 1269 348 1298 Ρίηιινὶαε.
366 1268 406 1298 V.
425 1270 540 1298 Rusca.

125 1311 297 1347 Pindarus,
314 1311 414 1350 poeta,
426 1312 481 1342 Or.
502 1315 527 1340 1.
545 1311 613 1340 Fin.
628 1310 676 1345 II,
693 1311 744 1339 34.
762 1311 820 1339 &c-

124 1354 296 1389 Pindarus,
313 1352 352 1382 ad
368 1354 433 1383 Att.
450 1352 545 1389 XVI,
567 1356 592 1381 l.
610 1353 806 1382 decumanus.

129 1397 164 1426 T.
182 1396 333 1432 Pinnius,
349 1396 388 1425 ad
404 1396 475 1426 Div.
495 1395 596 1433 XIII,
613 1396 664 1424 61.
682 1394 856 1426 Ciceronem
872 1395 967 1425 haere-

82 1439 151 1469 dem
168 1438 334 1468 secundum
350 1444 379 1468 et
394 1444 524 1468 tutorem
539 1438 678 1468 instituit.

125 1483 241 1520 Pz'ppa,
259 1480 347 1510 Verr.
365 1482 426 1518 IV,
443 1482 495 1512 33.
512 1480 699 1511 AEschrionis
711 1491 797 1511 uxor.

125 1526 323 1561 Pisistratus,
339 1530 496 1564 tyrannus,
520 1524 607 1554 Orat.
631 1524 698 1560 III,
719 1524 771 1554 33.
790 1524 881 1553 homo
897 1522 966 1553 doc—

82 1573 131 1598 tus
147 1574 177 1598 et
191 1567 344 1607 eloquens,
361 1567 477 1607 primus
494 1567 625 1597 Homeri
645 1567 737 1596 libros
752 1566 793 1597 sic
808 1566 967 1606 disposuit,

81 1616 117 1640 ut
141 1620 223 1640 nunc
247 1610 404 1640 habemus.
429 1609 692 1640 Commemoratur
712 1609 803 1639 etiam
827 1609 917 1639 Brut.
938 1610 970 1644 7.

83 1654 199 1684 Senect.
215 1655 267 1684 20.
292 1653 357 1682 Att.
374 1652 472 1691 VIII,
492 1654 540 1684 16.
555 1653 628 1682 Nat.
643 1651 685 1682 D.
706 1651 771 1690 III,
788 1653 839 1682 33.

129 1697 213 1732 Piso,
236 1696 304 1726 Att.
321 1695 403 1731 XII,
419 1699 450 1727 3.
464 1695 659 1736 argentarius.

130 1741 162 1770 C.
179 1739 373 1778 Calpurnius
390 1741 475 1778 Piso,
489 1739 600 1770 Caecin.
617 1741 664 1769 12.
675 1743 756 1770 actor
772 1737 892 1770 AEbutii
903 1747 974 1768 con-
