1122 1868
129 41 185 70 156
338 42 486 74 INDEX
510 43 541 73 H
547 41 794 74 ISTORICUS.

120 135 192 156 eum
208 127 376 158 subsidium
393 128 551 159 senectutis
568 140 629 159 suae
644 134 739 159 vocat.
763 127 943 168 Mongaltus
958 127 1005 157 in-

120 169 229 209 telligit
244 171 378 201 Balbum
394 172 540 201 minorem
553 183 561 201 z
585 173 692 212 probat
708 172 857 202 Olivetus.

165 211 318 249 Balbinus,
333 214 371 244 ad
389 215 453 244 Att.
469 214 568 251 XIII,
587 219 638 245 21.
656 214 855 245 Caesarianus.

162 253 281 291 Balbus,
297 267 460 296 cognomen
479 258 674 298 Ainpiorum,
692 257 893 295 Luciliorum,
910 255 1005 286 Octa-

115 296 247 335 viorum,
264 306 293 329 et
304 300 508 330 Thoriorum:
534 301 585 330 ubi
602 300 662 330 vid.

161 340 270 371 Bulbus
285 344 391 381 major,
410 343 475 372 Att.
493 343 590 379 VIII,
608 345 637 374 9.
654 353 708 383 pro
723 352 784 383 quo
800 347 843 372 est
858 341 952 371 oratio
967 341 1004 372 de

114 383 184 421 jure
203 385 339 415 civitatis.
365 386 437 416 Fuit
453 386 633 422 Gaditanus,
650 397 668 415 a
690 386 749 415 Cn.
771 385 916 426 Pompeio
931 384 1008 414 civi-

115 431 176 457 tate
191 427 331 465 donatus,
348 435 454 469 rogatu
468 429 543 459 Luc.
561 429 693 459 Cornelii
707 428 850 463 I1entuli;
875 426 956 457 unde
965 428 1004 457 ab

117 478 151 498 eo
162 479 272 500 nomen
288 473 438 502 assumsit.
463 472 511 501 De
527 483 560 502 eo
576 472 635 502 vid.
657 478 871 512 argumentum
895 470 1004 500 oratic-

116 511 173 542 nis.
206 513 278 543 Fuit
293 515 525 553 gratiosissimus
540 515 621 555 apud
642 515 803 545 Caesarem.
835 514 900 543 Att.
921 513 1001 552 VII,

116 555 146 583 3.
171 555 341 587 Tartessius
356 557 475 588 dicitur.
492 558 565 588 ibid.
577 557 656 593 Vll,
667 559 696 592 7.
713 557 925 597 aTheophane
938 557 1002 586 Mi..

116 598 244 637 tylenaeo
259 600 428 640 adoptatur.
442 601 514 630 ibid.
533 600 578 637 ΙΙ,
600 604 646 631 12.
670 599 937 638 Quindecim-Vir.
964 599 999 629 In

115 640 204 671 Orat.
225 652 279 682 pro
295 643 404 679 Balbo,
426 643 577 673 interdum
596 644 633 673 Ia.
652 643 811 673 Cornelius
826 642 1003 683 simpliciter

113 683 231 714 dicitur.
258 685 308 714 Ad
325 687 514 716 consulatum
531 692 666 726 pervenit
680 684 776 727 grati&
791 685 927 716 Caesaris.
951 685 1000 716 De

115 736 149 755 eo
167 737 192 756 v.
208 727 287 757 Plin.
306 728 349 758 H.
367 730 410 759 N.
428 728 506 765 VII,
524 730 577 758 43.

158 768 276 803 Balbus.
300 777 344 801 est
370 782 385 801 e
414 772 504 802 fratre
526 782 618 812 nepos
647 771 739 803 Corn.
771 771 863 802 Balbi
877 782 886 806 ς
921 770 1002 801 unde

111 813 205 840 minor
229 813 294 843 Att.
312 814 409 852 VIII,
437 817 466 845 9.
488 815 606 845 dicitur.
631 815 729 845 Asinii
752 813 896 844 Pollionis
916 824 1000 854 quae·

110 860 172 884 stor
187 855 245 886 fuit
260 856 291 886 in
308 856 472 898 Hispania.
495 858 573 897 Ejus
586 858 700 898 flagitia
714 862 1000 887 commemorantur.

109 897 148 926 ad
165 897 236 928 Div.
256 900 300 936 X,
312 904 364 931 32.
389 901 437 931 De
452 911 487 931 eo
502 911 530 930 v.
550 900 630 931 Plin.
650 901 681 931 H
708 901 750 931 N.
767 901 809 939 V,
826 902 856 931 5.

155 940 365 977 Bulbns‚Sull.
387 947 432 974 19.
458 943 563 973 Fausti
578 944 713 974 libertus.

155 984 276 1022 Balbus,
295 997 325 1026 p.
345 986 451 1021 Coelio,
474 990 520 1016 11.
543 992 697 1017 accusator
719 987 767 1016 M.
788 985 885 1017 Coelii.
909 985 1000 1015 Forte

111 1032 154 1056 est
172 1027 208 1057 P.
224 1028 370 1059 Octavius
387 1030 513 1059 Balbus.

158 1069 244 1100 Bulbi
262 1071 334 1110 duo,
354 1072 441 1103 Orat.
464 1071 529 1109 III,
552 1075 603 1102 21.
627 1072 728 1102 Stoici.
759 1070 831 1101 Vid.
852 1071 883 1101 in
900 1071 1000 1101 Luci-

111 1114 183 1143 Iius.

157 1155 323 1195 Balhulins,
341 1159 462 1188 Cluent.
483 1159 535 1188 60.
554 1157 689 1188 Larinas.

156 1199 336 1236 Balearicus,
351 1202 389 1231 de
405 1202 477 1231 Div.
496 1200 522 1238 I,
540 1206 569 1231 2.
591 1201 746 1231 Metellus.
771 1200 814 1230 V.
831 1200 983 1230 Metellus.

155 1241 263 1279 Ballio,
277 1245 366 1274 Rosc.
384 1244 471 1274 Com.
489 1246 518 1274 7.
534 1254 643 1274 nomen
666 1243 814 1273 comicum
830 1243 955 1272 lenonis.

155 1286 202 1315 Μ.
216 1285 378 1324 Bambalio,
396 1287 477 1316 Phfl.
491 1286 538 1325 II,
554 1288 606 1316 36.
622 1293 667 1316 est
681 1288 722 1324 Q.
734 1285 859 1323 Fadius,
873 1285 919 1315 M.
933 1286 1000 1315 An-

111 1327 185 1357 tonii
198 1338 289 1364 socer,
302 1336 386 1369 pater
401 1330 528 1359 Fulviae.

155 1370 296 1408 Romul-ul,
314 1372 475 1409 Venerius,
492 1372 580 1402 Verr.
599 1370 659 1408 IV,
677 1372 730 1406 37.

158 1412 255 1442 Barba
273 1415 406 1452 Cassius,
424 1415 504 1445 Phil.
520 1414 619 1451 XIII,
638 1418 667 1444 2.
690 1414 805 1444 amicus
820 1413 945 1444 Caesan's
967 1418 998 1443 et

112 1454 247 1494 Antonii,
265 1458 351 1496 cujus
367 1463 497 1498 quaestor
512 1458 582 1495 fuit,
595 1464 716 1488 auctore
730 1456 886 1497 Appiano,
903 1457 942 1486 B.
960 1456 998 1486 C.

109 1498 163 1528 lib.
178 1498 217 1527 V.

153 1540 319 1577 Bia-batim,
337 1542 413 1573 Phil.
435 1542 534 1581 XIII,
556 1546 587 1574 2.
610 1543 725 1573 amicus
742 1541 869 1573 Caesaris
884 1547 914 1571 et
929 1541 999 1571 An·

115 1583 201 1613 tonii.

152 1625 301 1666 Bardulis,
330 1627 419 1658 Offic.
442 1627 489 1665 II,
521 1632 568 1659 11.
599 1628 738 1670 Illyricus
762 1628 852 1664 latro,
874 1633 996 1667 propter

108 1669 288 1709 aequabilem
304 1670 413 1711 praedae
428 1671 631 1712 partitionem,
652 1681 778 1712 magnas
793 1680 863 1711 opes
877 1669 994 1700 habuit.
