1137 1848
291 70 442 103 INDEX
465 71 754 105 HISTORICUS.
900 73 961 104 231

119 156 191 187 Sex.
207 155 340 195 Fadius,
356 157 396 188 ad
421 157 495 188 Div.
511 157 593 197 V11,
619 160 671 190 20.
703 158 830 190 Niconis
855 158 966 189 medici

75 196 253 240 discipulus.

122 241 156 271 Τ.
171 243 304 280 Fadius,
320 242 389 273 Att.
411 243 479 281 III,
503 245 556 275 23.
571 244 641 275 trib.
657 245 699 285 pl.
717 245 849 275 Lentulo
873 244 965 285 Spin-

76 283 159 314 there
174 295 232 315 cos.
257 291 324 325 post
347 286 425 316 Red.
448 287 480 317 in
507 288 576 318 Sen.
600 289 629 317 8.
653 288 796 325 Quaestor
823 287 967 318 Cicerone

74 335 134 356 cos.
149 327 218 357 fuit.
237 328 277 358 ad
288 328 361 359 Div.
378 330 420 367 V,
440 331 488 360 18.
509 330 605 360 exsul.

117 371 292 408 Falcidius,
309 371 334 400 F
336 372 409 402 lace.
426 373 477 408 37.
494 374 566 403 civis
577 374 669 403 Rom.
686 373 724 403 de
738 374 836 414 plebe.

122 413 158 443 C.
174 415 349 453 Falcidius,
361 415 473 445 Manil.
493 417 541 447 19.
557 417 626 447 trib.
644 416 686 457 pl.
700 422 729 446 et
745 426 824 446 anno
839 421 908 456 post
922 416 966 446 Ie-

78 460 178 495 gatus.

125 499 162 529 C.
177 501 339 539 Fannius,
357 500 394 531 C.
418 500 455 531 F.
480 502 570 532 Brut.
597 505 649 532 26.
684 501 793 533 Oratio
819 501 856 531 de
882 501 969 531 sociis

81 545 112 570 et
136 544 259 573 nomine
284 544 396 573 Latino
422 551 526 574 contra
549 545 723 575 Gracchum
750 555 789 574 an
815 545 879 583 ejus
903 544 969 574 sit?

81 583 197 615 Consul
213 597 283 616 cum
300 587 438 616 Domitio
452 587 512 617 fuit
527 588 569 617 A.
586 589 659 617 631.
695 586 745 619 Cf.
762 588 818 618 Or.
834 586 900 622 ΙΙΙ,
916 587 969 621 47.

125 628 162 657 C.
178 630 335 667 Fannius,
350 629 398 659 M.
411 629 448 659 F.
467 630 556 660 Brut.
570 633 621 661 26.
646 630 735 660 Laelii
756 640 857 670 gener,
875 630 970 659 histo-

80 668 158 699 riam
173 680 235 701 non
251 672 452 712 inelegantem
473 673 599 713 scripsit.
626 674 680 703 Br.
698 676 749 702 21.
773 673 829 703 Or.
852 672 899 709 ΙΙ,
917 673 970 707 67.

80 711 198 752 scripsit
221 715 352 745 annales.
370 714 459 745 Conf.
484 715 578 745 Tusc.
605 715 665 752 IV,
694 717 743 751 17.
778 715 854 755 Leg.
884 715 913 752 Ι,
942 719 973 745 2.

79 754 170 789 Brut.
184 759 238 793 87.
262 757 327 787 Att.
341 756 401 794 IV,
422 758 470 788 16.
484 758 521 788 de
537 758 716 799 compendio
737 758 869 788 historiae
889 758 973 787 Fan-

81 797 192 838 nianae,
217 800 299 840 quod
321 800 370 830 M.
392 801 521 838 Brutus,
546 811 702 841 percussor
725 800 864 838 Caesaris,
890 800 974 835 fecit,

83 840 151 871 vide
166 842 197 873 in
208 844 323 874 Bruto.
339 843 389 873 De
401 843 519 874 Fannio
530 844 591 874 vid.
604 844 750 876 Vossium
766 843 803 874 de
816 842 976 873 Historicis

82 882 214 923 Latinis,
232 886 261 924 Ι,
279 887 310 922 7.

127 928 164 958 C.
178 930 338 966 Fannius,
364 929 400 960 C.
417 929 452 959 F.
470 929 554 960 Sext.
580 930 632 960 53.
658 929 728 960 trib.
752 929 794 970 pl.
813 928 931 959 Caesare
946 932 977 958 et

81 968 197 1001 Bibulo
212 982 285 1003 coss.
302 982 363 1013 quo
378 983 451 1002 usus
467 973 601 1003 Bibulus
620 973 652 1002 in
668 972 863 1013 impedienda
873 972 976 1011 Agra-

82 1011 127 1042 ria
148 1013 285 1046 Caesaris.
311 1015 390 1045 Har.
407 1016 504 1055 Resp.
528 1016 557 1045 6.
581 1015 730 1056 pontifex.
758 1016 824 1044 Att.
844 1013 890 1051 ΙΙ,
919 1017 972 1043 24.

83 1056 258 1098 subscripsit
273 1058 304 1088 in
323 1058 358 1088 P.
382 1058 537 1088 Clodium.
550 1058 630 1095 VII,
646 1061 695 1088 15.
717 1058 748 1087 in
765 1057 900 1087 Siciliam
911 1062 979 1097 post

86 1097 253 1129 Fuffanum
265 1101 409 1138 mittitur,
425 1101 512 1131 initio
523 1101 595 1131 belli
607 1102 713 1132 civilis.
725 1099 824 1137 V111,
840 1102 890 1129 15.
901 1110 979 1140 prae-

85 1145 132 1170 tor
147 1141 266 1173 Siciliae.
291 1143 372 1173 Phil.
392 1142 494 1179 XIII,
512 1144 541 1173 6.
567 1144 763 1184 Pompeium.
778 1144 835 1174 Cn.
852 1143 889 1172 F.
908 1143 982 1172 hor-

86 1188 179 1222 tatur,
196 1191 231 1216 ut
251 1197 321 1217 cum
339 1186 401 1217 suis
416 1186 508 1227 copiis
524 1187 561 1216 ad
578 1187 738 1217 Mutinam
757 1192 814 1216 eat.
837 1186 901 1226 Ap.
923 1185 945 1215 J
948 1195 981 1215 o-

86 1227 170 1267 seph.
195 1228 242 1259 A.
258 1228 354 1268 XIV,
385 1230 433 1260 10.
465 1231 514 1259 15.
536 1231 645 1263 ὑπατος
671 1230 800 1260 dicitur:
826 1230 913 1268 cujus
938 1228 983 1258 rei

88 1270 232 1311 nuspiam
245 1272 318 1302 alibi
333 1272 515 1312 vestigium:
541 1282 595 1303 nec
611 1282 717 1302 verum
733 1278 817 1312 puto.

89 1354 119 1385 ‘d
131 1314 164 1343 C.
188 1315 347 1353 Fannius,
380 1315 472 1346 Verr.
497 1313 545 1354 II,
574 1316 626 1346 49.
661 1325 752 1356 eques
782 1315 875 1345 Rom.
906 1313 982 1344 forte

87 1365 98 1384 1
121 1365 180 1386 em.

132 1399 167 1429 C.
184 1399 332 1431 Fannius
351 1402 495 1438 Chaerea,
516 1401 607 1431 Rosc.
630 1400 718 1431 Com.
736 1400 764 1437 Ι,
786 1400 878 1430 homo
895 1399 983 1429 Grae-

88 1451 153 1479 cus,
169 1447 204 1471 ut
219 1443 352 1473 Chaereae
368 1454 479 1474 nomen
493 1444 619 1480 indicat,
644 1443 695 1473 sed
711 1443 829 1473 civitate
844 1442 985 1480 donatus,

87 1489 141 1514 aut
156 1495 172 1514 e
188 1495 271 1516 servo
286 1486 412 1517 libertus
428 1487 536 1524 factus,
554 1497 572 1516 a
589 1486 706 1516 Fannio
719 1486 863 1526 quodam.

130 1527 180 1557 M.
196 1529 358 1567 Fannius,
373 1531 463 1559 Brut.
480 1530 531 1559 26.
551 1535 650 1559 orator
666 1530 773 1559 bonus.

130 1570 177 1599 M.
196 1572 354 1609 Fannius.
372 1573 462 1602 Rose.
480 1571 555 1602 Am.
572 1575 601 1602 5.
618 1578 729 1613 praetor
740 1572 783 1601 A.
801 1571 841 1602 U.
859 1571 936 1608 673,
954 1575 984 1600 et

90 1613 233 1654 quaesitor
248 1614 280 1643 in
293 1614 382 1645 caus-52
395 1615 508 1645 Roscii.

132 1657 181 1685 M.
206 1658 362 1695 Faucius,
389 1657 438 1687 M.
464 1658 500 1686 F.
525 1657 564 1687 ad
591 1656 663 1688 Div.
688 1655 789 1696 XIII,
819 1659 867 1687 11.
893 1666 985 1697 eques

89 1697 183 1731 Rom.
202 1699 325 1732 decurio
340 1700 555 1742 Arpinatium.
