1122 1868
168 32 210 61 38
438 31 586 63 INDEX
610 32 783 64 LEGUM.

166 117 262 157 Legg.
278 116 305 154 Ι,
325 117 377 146 21.
404 117 497 148 Hunc
517 119 617 148 locum
641 128 701 149 non
716 118 791 149 vidit
806 118 853 149 Cl.
870 116 1051 148 Heineccius

167 160 210 190 H.
227 160 260 190 J.
276 160 313 190 C.
332 160 370 189 R.
387 171 416 201 p.
434 162 485 197 85,
503 162 555 197 86,
572 162 626 191 ubi
637 161 776 202 pluribus
791 161 899 192 dehac
913 161 979 201 lege
995 161 1048 200 (ex

166 203 280 238 Goesio)
296 202 438 233 disserere
450 203 590 241 instituit,
607 204 688 244 quod
704 215 722 234 a
736 204 839 245 paucis
854 203 1048 244 intelligatur.

165 245 254 276 Nihil
269 245 361 286 igitur
376 246 413 276 de
428 247 555 277 arbitris.
581 247 745 285 Caeterum,
762 247 799 277 de
821 247 877 277 hac
898 246 965 287 lege
988 245 1048 275 vid.

164 288 303 319 Goesium
326 289 363 318 ad
386 289 485 330 script.
502 292 580 329 Agr.
602 300 632 330 p.
649 291 723 326 339,
745 295 774 320 et
796 289 826 319 in
849 294 911 319 not.
927 300 957 330 p.
977 288 1049 325 182,

167 332 239 368 191,
256 332 313 361 διο.
337 332 459 362 Primus
476 332 681 372 fragmentum
696 333 763 371 ejus
777 332 903 374 protulit
914 331 1048 372 Lipsius,

164 374 261 405 Elect.
279 374 306 410 Ι,
327 375 375 404 15.
401 375 479 405 Lata
494 380 538 405 est
552 375 595 405 A.
611 376 651 405 U.
673 376 746 405 (542.

207 417 363 452 Mamilia„
377 417 408 447 in
431 418 540 454 Bruto,
557 428 581 448 c.
599 418 652 455 33,
669 419 720 447 34.
746 419 784 448 In
800 417 868 449 edd.
884 417 987 457 vulgg.
1004 421 1048 447 est

162 461 311 496 ῙῑΙαηίίία,
339 471 407 500 quae
433 461 558 490 norfina
583 460 810 491 confunduntur
832 460 994 501 saepissime
1016 459 1047 489 in

162 504 255 534 libris.
279 503 336 533 Est
351 503 465 543 rogatio
481 514 526 540 ea,
539 503 577 534 de
592 503 653 544 qu“a
663 504 786 534 Sallust.
802 505 840 534 B.
853 504 874 533 J
879 514 928 543 ug.
945 513 971 533 c.
984 503 1046 532 40:

163 549 289 577 Interea
308 547 339 576 C.
357 547 525 577 Mamilius
541 548 736 581 Limetanus,
759 548 829 577 trib.
849 547 893 585 pl.
911 547 1047 585 rogatio-

161 601 231 621 nem
247 591 288 619 (td
298 591 450 628 populum
463 591 649 629 promulgat,
670 592 718 620 ἰιιὶ
732 595 926 630 qucereretur
940 591 973 618 in
990 599 1047 624 eos,

161 644 294 674 quorum
310 634 431 667 consilio
443 634 601 672 ,Iugurtha
615 635 716 664 senati
725 635 841 663 decreta
860 633 1047 673 neglexisset,

159 678 275 717 quique
290 677 326 705 ab
342 687 374 705 eo
396 677 432 706 in
451 677 654 714 legationibus
671 682 725 707 aut
747 677 887 716 imperiis
897 676 1048 714 pecunias

159 720 340 759 accepissent
352 734 362 755 ;
386 721 443 758 qui
457 721 641 758 elephantos,
658 721 715 760 qui
724 720 885 760 perfugas,
902 720 1047 749 tradidis-

159 769 225 793 sent
234 778 245 798 ‚·
271 763 341 792 item
358 763 414 802 qui
429 763 547 802 depace
563 769 617 793 aut
636 764 706 792 bello
722 774 792 792 cum
808 763 939 792 hostibus
946 763 1048 801 paeti-

160 817 232 836 ones
244 805 400 845 fecissent.
424 805 474 836 Ibi
497 806 605 846 optimi
625 805 711 836 codd.
735 811 764 836 et
782 805 918 846 plerique
932 805 1045 836 habent

160 850 344 885 Mamilium
361 848 413 879 sed
425 849 564 878 nonnulli
579 855 679 879 tamen
690 849 859 878 sslanillius
869 849 1046 878 etMallius.

159 894 240 923 Item
267 892 349 933 apud
374 891 522 929 Gellium,
550 892 612 929 VI,
642 892 691 921 11.
722 893 886 922 ,Mamilius
911 891 1045 921 defendit

160 936 251 967 etiam
275 935 415 975 Pighius,
440 934 555 964 Annal.
578 935 618 965 T.
635 934 702 971 ΙΙΙ,
723 946 754 976 p.
774 936 843 964 123.
875 934 947 964 Vid.
963 934 1044 974 plur.

158 990 207 1019 ap.
226 978 377 1013 Cortium,
394 977 433 1007 ad
454 977 576 1007 Sallust.
592 977 612 1007 l.
626 988 650 1008 c.
681 978 730 1008 De
745 977 904 1008 nominum
920 977 1043 1006 illorum

159 1021 334 1053 confusione
355 1020 414 1050 vid.
441 1025 469 1050 et
486 1020 607 1050 Gruter.
631 1020 669 1050 ad
694 1020 759 1051 Cic.
786 1020 823 1050 de
846 1020 902 1051 Or.
928 1019 955 1056 Ι,
974 1020 1042 1055 58;

158 1066 295 1105 Interpp.
315 1063 353 1093 ad
369 1063 438 1093 Liv.
454 1062 603 1101 XXVII,
620 1064 661 1093 35
675 1074 684 1099 ;
709 1069 739 1093 et
753 1073 825 1093 mox
837 1062 868 1092 in
882 1063 1044 1093 Manilia-

153 1109 202 1139 ‘nis
218 1107 314 1147 Legg.

200 1151 353 1185 Ιῑίαηίίία,
367 1159 384 1178 a
399 1148 467 1179 trib.
484 1149 526 1189 pl.
548 1148 583 1178 C.
600 1148 732 1178 Manilio
746 1149 818 1185 lata,
839 1154 868 1179 et
883 1159 901 1178 a
915 1154 1043 1189 praetore

156 1194 300 1225 Cicerone
314 1191 446 1230 defensa,
467 1192 529 1232 qu&
550 1193 695 1230 Pompeio
715 1193 896 1222 sslieltridat.
911 1192 980 1221 belli
993 1203 1042 1222 re-

156 1237 260 1277 liquioe
284 1236 496 1274 persequendae
517 1237 638 1265 tradirce
658 1241 736 1265 sunt.
768 1235 798 1265 V
800 1235 840 1264 id.
857 1235 935 1275 Arg.
952 1235 1040 1265 Orat.

154 1291 210 1321 pro
226 1280 308 1319 Lege
325 1278 435 1308 Manil.
453 1277 540 1307 Orat.
553 1288 577 1308 c.
591 1279 632 1308 29
645 1288 654 1314 ;
684 1278 884 1308 Plutarchum
899 1277 930 1307 in
946 1278 1041 1308 Pom-

154 1323 232 1365 peiO,
249 1333 279 1362 p.
296 1322 370 1356 (543.
387 1320 436 1350 ed.
451 1320 592 1350 lVechel.

197 1365 337 1395 Illam‘lz'a
357 1363 395 1393 de
414 1362 636 1403 suffragiorum
655 1363 845 1405 confles-ione,
868 1365 936 1404 (pro
952 1362 1038 1394 Mur.

153 1419 179 1440 c.
196 1410 251 1445 225)
268 1419 285 1437 a
303 1409 335 1438 C.
351 1407 500 1443 Manilio,
516 1407 584 1436 trib.
601 1407 644 1447 pl.
657 1407 699 1436 A.
715 1407 753 1437 U.
774 1408 849 1443 (587,
865 1407 935 1436 lata.
961 1406 1038 1437 Haec

151 1457 196 1482 est
211 1451 326 1487 eadem,
343 1460 412 1490 quae
426 1450 457 1479 in
468 1449 648 1480 Corneliana
659 1449 769 1480 dicitur
780 1451 816 1480 (Ie
827 1449 1039 1480 libertinorum

151 1493 323 1534 suffragiis.
353 1493 402 1522 Εἲι
423 1492 502 1522 enim
518 1492 595 1532 lege,
612 1493 698 1531 cujus
713 1491 740 1522 ei
755 1498 906 1523 auctorem
924 1491 1039 1523 Corne-

151 1538 228 1567 lium
243 1536 334 1566 fuisse
349 1534 466 1564 dicebat
481 1540 643 1571 accusator,
660 1535 808 1565 sancitum
825 1541 879 1572 est,
896 1540 931 1564 ut
945 1534 1036 1565 liber-

149 1580 230 1617 tinis,
247 1578 279 1608 in
294 1577 435 1608 omnibus
445 1577 595 1611 tribubus.
606 1577 784 1617 suffragium
795 1584 881 1615 esset,
898 1583 931 1608 ut
939 1579 1037 1608 Asco„

143 1623 218 1652 ‘nius
237 1622 269 1651 in
293 1620 498 1650 Milonianam
517 1620 658 1660 prodidit.
692 1621 776 1650 Ante
802 1620 882 1650 enim
903 1620 1035 1650 libertini

146 1675 251 1695 omnes
265 1664 296 1693 in
309 1663 449 1694 tribubus
462 1671 591 1703 quatuor
601 1663 724 1693 urbanis
734 1663 877 1703 suffragia
888 1663 1034 1700 ferebant,

146 1708 178 1738 in
203 1717 277 1749 quas
300 1716 368 1737 cum
394 1705 509 1746 reliquit
530 1705 601 1737 faece
621 1705 745 1745 conjecti
765 1712 851 1738 erant
873 1716 891 1738 a
915 1715 1034 1738 censore
