1137 1848
260 86 409 118 INDEX
432 86 719 118 HISTORICUS.
869 86 929 116 351

43 172 171 203 stionem
189 178 328 204 exercent
342 173 375 203 in
393 183 442 204 eos
462 173 516 214 qui
531 183 601 203 cum
615 172 759 204 Gracchis
773 171 910 202 fecissent
923 182 931 201 ε

41 221 171 245 utuntur
196 216 319 246 consilio
346 216 445 246 Laelii.
483 216 533 246 De
559 217 624 254 ejus
653 216 813 251 acerbitate
835 215 868 245 in
894 215 931 245 ea

42 258 217 298 quaestione,
241 259 302 289 vid.
325 259 406 289 Vell.
425 257 471 296 II,
490 259 539 294 17.
563 259 652 289 Verr.
672 253 737 295 111,
758 262 806 289 13.
824 258 930 288 consul

40 300 73 330 in
85 301 198 338 Sicilia,
210 312 228 331 a
237 312 298 343 quo
310 303 367 332 Lea
382 303 522 340 Rupilia,
535 312 584 332 seu
596 304 690 342 Leges
700 303 845 339 Rapum.
856 301 931 331 Bel-

42 343 108 373 lum
128 324 233 374 servile
249 345 406 386 oppressit.
433 345 513 375 Vide
529 345 633 385 Sigon.
649 352 679 376 et
693 345 784 385 Pigh.
801 344 840 374 ad
854 344 885 374 h.
901 354 929 373 a.

44 385 85 416 V.
98 386 130 417 in
153 389 186 418 P.
203 390 230 417 R
234 390 337 418 utzlms
353 389 465 429 Rufus.

86 430 122 460 P.
140 432 295 470 Rupilius,
316 432 353 462 P.
371 432 407 461 F.
425 431 582 462 Menenia.
607 431 646 461 ad
670 430 742 460 Div.
768 429 869 467 XIII,
897 430 926 459 9.

41 483 133 513 eques
144 473 236 505 Rom.
248 475 392 515 magister
401 474 548 505 societatis
560 474 744 514 Bithynicae,
753 472 930 514 Crassipede

41 522 198 556 quaestore.

83 560 130 589 M.
149 561 258 596 Rusca,
272 560 328 592 Or.
341 561 390 597 II,
407 562 460 591 65.
476 571 493 591 e
511 560 653 599 Pinariis,
666 559 735 590 trib.
748 559 791 600 pl.
810 559 869 601 (A.
884 558 925 589 U.

42 601 130 641 622.)
147 602 218 634 tulit
231 604 331 644 legem
346 605 514 634 Annalem.

85 646 208 683 Ruscio,
222 647 294 676 Mil.
312 651 363 677 22.
377 657 490 678 servus.

87 689 119 718 C.
138 690 264 728 Rusius,
286 690 377 720 Brut.
394 691 446 725 47.
473 695 626 720 accusator
648 694 745 729 vetus,
767 688 924 720 Sisennam

39 730 204 762 ridiculum
218 732 300 763 facit.

86 775 123 804 C.
141 777 334 812 Rusticelius,
359 776 569 811 Bononiensis,
595 776 686 806 Brut.
704 775 756 805 46.
784 775 927 806 exercita-

39 822 89 848 tus
104 817 135 846 in
148 818 286 855 dicendo,
303 825 332 849 et
346 820 456 849 natura
471 819 622 850 volubilis.

86 861 216 899 Rutilia,
244 862 310 892 Att.
326 862 411 900 XII,
429 864 481 894 20.
510 862 547 894 C.
569 862 667 893 Cottae
692 866 799 897 mater,
822 860 928 891 Publii

44 903 157 934 Rutilii
173 915 264 935 soror.

86 946 121 976 C.
138 948 274 978 Racilius
292 947 404 989 Rufus.
426 949 518 979 Brut.
535 949 586 978 40.
602 947 759 978 familiaris
775 947 927 978 Scaevolae.

40 990 72 1020 in
89 990 191 1021 Caecfl.
207 991 258 1020 21.
278 992 460 1032 subscriptor
480 992 517 1022 P.
535 991 660 1021 Lentuli
685 990 828 1032 principis
843 1000 928 1020 sena-

40 1036 89 1064 tus
104 1033 135 1063 in
151 1034 338 1064 accusatione
354 1035 404 1064 Μ’
419 1034 564 1076 Aquillii.

84 1077 124 1107 L.
142 1077 288 1107 Rutilius.
315 1077 392 1107 Lael.
408 1081 461 1108 20.
477 1088 548 1107 eum
563 1077 717 1107 consulem
733 1076 848 1107 efficere
863 1076 927 1107 Sci-

40 1120 92 1161 pio
107 1130 167 1150 non
182 1126 291 1160 potest,
308 1130 379 1150 cum
401 1121 527 1151 fratrem
548 1120 695 1150 Publium
711 1120 847 1150 fecisset:
871 1119 929 1150 nisi

40 1173 112 1193 vero
127 1163 291 1202 legendum
308 1165 457 1202 Rupilius.
481 1163 512 1194 V
513 1163 554 1193 id.
569 1163 600 1193 in
617 1165 656 1194 P.
675 1163 818 1193 Rutzlius.

83 1207 125 1236 L.
142 1207 287 1243 Racilius,
299 1206 421 1237 Cluent.
438 1207 489 1236 65.

85 1250 132 1279 M.
150 1250 296 1287 Rutilius,
321 1249 359 1279 ad
376 1249 448 1280 Div.
464 1247 564 1285 XIII,
582 1250 611 1279 8.
626 1259 644 1279 a
665 1249 783 1279 Caesare
802 1248 927 1290 praefec-

39 1298 88 1324 tus
100 1302 172 1333 agro
181 1292 213 1321 in
226 1292 329 1322 Gallia
341 1292 497 1333 Cisalpina
507 1292 678 1322 dividendo.

85 1338 124 1366 P.
142 1337 276 1365 Rutilius
291 1336 409 1374 Lupus,
426 1336 515 1365 Font.
540 1337 588 1365 15.
609 1336 648 1366 L.
664 1334 744 1365 Julii
759 1335 874 1375 collega
893 1335 926 1365 in

39 1379 210 1417 consulatu,
235 1378 278 1408 A.
303 1379 378 1408 663.
409 1378 534 1408 Bellum
560 1378 669 1409 sociale
691 1377 787 1418 gerit3
811 1378 844 1408 in
866 1388 928 1419 quo

64 1428 128 1452 ent.

40 1432 61 1463 P
85 1466 124 1495 P.
141 1464 278 1494 Rutilius
297 1463 411 1504 Rufus,
436 1464 485 1494 M.
507 1464 542 1494 F.
573 1464 662 1494 Brut.
683 1466 733 1494 29.
757 1469 867 1500 orator,
888 1464 926 1494 de

38 1508 107 1547 jure
118 1506 288 1548 respondet.
312 1507 472 1538 Orationes
487 1507 615 1548 scripsit,
632 1514 661 1537 et
671 1507 794 1546 dejure.
819 1507 927 1537 Panae-

39 1550 74 1580 tii
89 1550 219 1586 auditor,
235 1560 329 1590 prope
353 1550 501 1590 perfectus
516 1550 548 1580 in
563 1551 680 1580 Stoicis.
712 1550 880 1590 Repulsam
895 1550 927 1580 in

40 1593 198 1624 consulatu
214 1593 281 1623 fert.
306 1594 366 1623 Pro
378 1603 409 1622 se
424 1593 488 1633 ipse
503 1593 592 1629 dixit,
605 1604 623 1623 a
638 1594 750 1623 Scauro
759 1599 928 1623 accusatus.

41 1636 97 1666 Or.
116 1636 164 1673 II,
175 1636 225 1666 69.
242 1646 260 1665 a
275 1637 388 1666 Scauro
403 1636 596 1677 competitore
612 1636 743 1667 ambitus
757 1642 924 1673 accusatus,

40 1689 59 1709 a
73 1689 135 1719 quo
155 1679 251 1708 victus
263 1679 294 1709 in
311 1679 454 1719 petitione
468 1684 542 1727 erat,
558 1678 722 1709 eumdem'
714 1689 778 1720 1pse
797 1685 925 1708 accusat.

42 1721 132 1752 Offic.
145 1720 192 1758 ΙΙ,
210 1725 258 1751 13.
274 1721 446 1752 adolescens
469 1722 623 1759 innocens,
644 1722 722 1761 juris
742 1722 857 1763 peritus
871 1721 926 1751 ha-

41 1764 122 1796 bitus
138 1771 192 1802 est‚
208 1765 282 1806 quia
295 1764 507 1806 frequentabat
522 1765 559 1795 Ρ.
574 1765 727 1796 Mucium.
752 1764 856 1795 Plane.
873 1764 925 1794 21.
