1122 1868
109 73 172 103 240
321 73 470 105 INDEX
494 72 781 106 HISTORICUS.

109 158 338 195 Caesarianum·
362 160 460 191 nescio
475 171 513 191 an
528 160 619 191 idem.
639 159 790 193 Furfnnus
803 159 926 200 quidem
941 164 997 190 aut

109 202 189 232 idem
207 213 236 232 es
238 214 268 233 se
280 204 361 244 quod
379 204 612 239 F111s2111511s,aut
623 204 680 234 hoe
693 195 739 233 illi
750 202 996 233 substituendum

110 255 172 274 esse
187 255 246 275 non
262 246 376 276 dubito.
401 247 449 277 Sic
476 243 521 277 Fi
515 248 667 276 licutanus
683 252 712 276 et
733 247 814 276 Fida·
818 246 956 275 nlmius‘
947 255 996 276 111-

109 288 238 318 venitur.
262 289 319 319 Est
334 295 434 319 tamen
451 290 580 319 alterum
595 289 743 319 usitatius.
761 289 801 319 V.
820 289 847 318 F
848 288 972 326 uffanne

154 332 280 369 Fur-ina,
304 332 377 362 Nat.
395 333 435 362 D.
454 332 518 367 III,
540 337 586 363 18.
602 333 689 362 lucus
705 333 778 370 ejus.
803 331 842 369 Q.
860 332 911 361 Fr.
929 331 994 369 ΙΙΙ,

112 376 140 403 1.
157 375 187 403 2.
205 375 365 415 templum.
390 376 451 416 Ap.
478 376 556 405 Aur.
574 376 729 406 Victorem
751 375 782 403 in
809 385 870 414 reg.
899 374 994 405 XIV.

109 417 233 456 ponitur
254 418 404 458 templum
426 425 454 449 et
474 419 561 449 lucus
585 418 770 449 Furinarum
794 428 862 447 cum
884 417 995 447 insula.

110 460 168 489 Est
183 460 273 490 etiam
292 461 373 501 apud
391 462 512 491 Gruter.
538 460 676 502 Inscript.
694 460 947 496 CCCXXXIII,
967 463 994 489 l.

108 513 160 532 ara
176 503 359 540 Forinarnm,
377 515 431 543 pro
447 505 473 534 F
474 505 627 534 urinarum
641 516 649 533 z
674 503 712 533 ad
728 514 756 543 q.
773 503 793 532 l.
809 514 836 533 v.
856 503 993 533 notulam

111 545 142 574 in
160 545 259 576 Graev.
276 546 321 576 ed.
338 547 496 586 adjectam.
522 547 653 577 Ursinus
668 545 759 576 etiam
778 545 861 586 apud
876 546 997 576 Cicero-

111 598 181 618 nem
198 589 284 619 malit
300 590 414 619 Forince
430 590 499 630 legi.

154 631 195 661 A.
212 633 338 667 Furius,
362 636 462 673 poeta,
479 633 568 662 Brut.
587 633 639 662 35.
665 631 820 661 familiaris
838 631 878 669 Q.
896 631 998 662 Catuli

110 674 215 714 patris,
241 675 294 715 qui
318 675 345 705 ei
368 676 482 705 librum
505 674 654 715 inscripsit
672 673 709 704 de
731 674 887 705 consulatu
911 680 941 704 et
962 674 1000 705 de

113 718 203 746 rebus
229 717 320 757 gestis
346 718 417 748 suis.
441 717 586 749 Absurde
609 717 660 748 hic
682 728 700 747 a
716 717 836 747 Prustio
858 717 1000 747 laudatur

114 759 252 789 Macrob.
279 759 340 797 VI,
370 764 395 791 1.
412 762 464 791 ubi
488 761 526 792 de
550 760 644 790 Furio
665 760 798 801 quodam
822 770 930 799 sermo,
946 759 1000 801 qui

110 802 163 832 dju
180 809 246 841 post
261 803 428 844 Virgilium
444 804 530 834 vixit.

158 844 191 874 C.
206 846 326 884 Furius,
350 847 441 876 Balb.
457 848 487 877 8.
499 848 599 887 legem
611 846 648 877 de
662 846 848 877 testamentis
864 846 944 884 tulit,
961 846 999 877 de

112 888 174 928 qu&
189 888 248 918 vid.
267 889 332 920 Lem
346 891 449 927 Furia,
466 901 489 920 s.
511 891 605 920 Fusio.

160 932 198 961 L.
223 932 333 962 Furius
352 932 467 962 Philus.
491 933 554 963 Off.
572 932 636 969 ΙΙΙ,
664 933 715 962 30.
733 932 919 973 rogationem
942 932 1000 963 fert

113 984 185 1004 cum
200 975 232 1005 S.
246 975 357 1005 Attilio
373 976 410 1006 de
420 976 528 1006 foedere
539 976 731 1006 Numantino
747 982 775 1006 et
791 976 826 1006 C.
840 975 996 1006 Mancino.

113 1017 203 1047 Brut.
228 1019 279 1049 28.
304 1020 434 1058 perbene
458 1019 567 1050 Latine
584 1020 702 1049 locutus
725 1024 780 1055 est,
802 1024 831 1048 et
853 1018 999 1049 literatius

114 1070 208 1099 quam
233 1061 340 1091 caeteri.
364 1061 419 1092 Or.
438 1061 485 1099 II,
508 1062 560 1097 37.
576 1061 792 1092 eruditissimos
815 1061 952 1091 homines
966 1061 999 1092 in

116 1103 235 1133 Graecifi
249 1104 351 1144 palam
367 1114 485 1144 semper
505 1115 607 1135 secum
622 1104 740 1134 habuit.
766 1103 852 1134 Idem
869 1109 924 1141 est⁷
945 1103 1000 1144 qui

114 1152 301 1176 memoratur
316 1145 409 1177 Arch.
427 1148 457 1182 7.
483 1147 550 1177 Att.
570 1146 616 1185 ΙΙ,
636 1150 685 1177 19.
710 1146 811 1178 Amic.
829 1148 858 1176 4.
885 1146 1001 1177 Consul

114 1188 173 1218 fuit
189 1199 258 1219 cum
275 1191 358 1220 Sext.
376 1190 486 1220 Attilio
499 1191 626 1220 Serrano
644 1191 681 1219 A.
695 1190 768 1224 617.
793 1189 857 1220 Att.
874 1188 955 1227 XII,
969 1191 999 1219 5.

114 1231 225 1261 dicitur
250 1234 287 1262 P.
306 1233 425 1262 Furius.
448 1233 491 1263 Et
508 1233 565 1263 hoc
584 1232 769 1274 praenomine
786 1232 877 1263 etiam
896 1232 1001 1263 laudat

115 1274 322 1306 Cassiodorus.
338 1275 378 1305 V.
395 1275 498 1314 Sigon.
515 1276 553 1306 ad
568 1276 599 1306 h.
615 1287 642 1306 a.

159 1319 207 1347 M.
226 1319 335 1348 Furius
352 1319 502 1355 Camillus,
527 1318 622 1349 Dom.
637 1321 689 1349 31.
703 1319 735 1348 in
751 1318 891 1349 exsilium
906 1318 1001 1348 mitti-

116 1364 186 1394 tur:
211 1360 247 1395 is
272 1361 325 1401 qui
351 1366 453 1401 postea
476 1361 602 1392 dictator
623 1361 728 1392 Gallos
747 1361 830 1398 vicit,
854 1362 892 1392 ab
915 1361 1001 1392 Urbe

117 1401 166 1431 del
155 1403 215 1432 leta
236 1404 407 1439 venientes;
432 1410 462 1434 et
478 1410 551 1435 tunc
571 1405 651 1435 solus
670 1404 846 1445 primusque
868 1404 924 1434 hoc
946 1413 1002 1433 no-

116 1454 188 1474 men
212 1446 354 1482 obtinuit
380 1452 414 1477 ut
441 1447 570 1477 ostendit
595 1453 698 1477 contra
721 1447 878 1487 sigonium
904 1446 1002 1476 Periz.

118 1485 282 1519 Animadv.
311 1489 394 1520 Hist.
416 1500 441 1520 c.
473 1493 498 1520 1.
521 1489 635 1520 Valens
660 1490 732 1520 citat
753 1490 843 1519 etiam
865 1489 913 1518 Μ.
940 1489 1002 1519 Fu-

117 1529 197 1559 rium
215 1530 381 1562 Camillum
405 1543 442 1563 ex
461 1543 498 1573 ep
502 1533 565 1563 ,ad
589 1533 661 1564 Div.
679 1531 759 1570 VII,
780 1534 809 1562 5.
825 1531 1003 1562 sedinme

115 1572 241 1603 lioribus
256 1574 323 1604 edd.
337 1581 381 1605 est
399 1576 445 1604 M.
464 1576 575 1607 Orfins.

161 1614 250 1645 Num.
270 1617 389 1655 Furius,
414 1618 470 1648 Or.
488 1618 553 1657 111,
571 1622 623 1649 21.
647 1629 738 1660 eques
753 1619 845 1649 Rom.
862 1616 1003 1648 cantandi

117 1657 189 1687 artis
204 1659 328 1699 peritus.

162 1700 198 1730 P.
219 1703 341 1739 Furias,
364 1703 433 1733 Att.
450 1704 567 1741 XII,
550 1716 579 1734 o.
597 1704 637 1734 V.
655 1705 695 1735 L.
713 1704 832 1734 Furias.

158 1745 197 1774 P.
215 1745 337 1783 Furius,
363 1746 469 1777 Rabir.
485 1747 575 1778 Perd.
593 1750 622 1779 9.
640 1758 657 1778 a
673 1747 709 1778 C.
726 1747 861 1778 Deciano
881 1755 1002 1778 accusa-
