1137 1848
264 75 414 108 INDEX
436 76 723 109 HISTORICUS.
876 76 938 107 339

49 161 247 200 Samnitium,
263 165 350 203 cujus
370 163 464 194 ductu
480 163 615 194 Romani
637 163 731 195 coacti
757 169 828 194 sunt
843 163 940 193 foedus

52 203 230 236 Caudinum
245 206 351 237 facere.

94 249 136 279 L.
153 249 282 279 Pontius
303 250 427 290 Aquila.
454 249 493 280 ad
516 249 589 280 Div.
606 249 651 287 X,
676 250 728 279 33.
757 250 874 290 legatus
898 248 940 278 D.

51 290 155 329 Bruti,
171 292 250 332 pen‘t
261 292 300 322 ad
315 293 485 323 Mutinam.
506 292 574 323 Att.
590 293 634 330 V,
651 296 681 322 2.
695 296 724 323 3.
742 296 772 323 4.
789 293 854 331 ejus
869 292 942 321 villa

51 333 83 363 in
99 334 287 365 Trebulano.
310 336 383 366 Fuit
395 336 432 366 de
446 336 670 377 percussoribus
687 336 836 371 Caesaris3
855 336 942 374 cujus

51 377 167 408 mentio
181 378 273 408 etiam
288 378 355 409 Att.
373 378 402 418 I,
424 383 450 410 l.
476 379 558 409 Phil.
582 378 684 416 XIII,
708 383 738 410 2.
760 378 834 409 Vid.
852 378 942 408 etiam

51 421 171 460 Aquila.

51 505 59 511 ·
97 463 130 493 T.
147 465 284 503 Pontius,
301 465 371 496 Fin.
388 465 417 505 I,
433 466 463 496 3.
480 466 598 497 Senect.
620 466 669 496 10.
685 464 821 496 centurio
836 465 943 494 robore

49 515 186 546 mSJgnis.

96 551 220 581 Pontius
246 551 272 581 T
271 552 421 582 itinimzus.
443 551 513 582 Att.
539 552 603 591 IX,
627 552 677 583 19.
702 562 721 582 a
747 549 944 592 Pompeianis

51 593 189 633 partibus
201 594 240 624 ad
256 595 441 625 Caesarianas
457 595 574 626 transit.

94 637 224 674 Popillia
236 649 318 678 gens.
342 638 417 678 Leg.
432 637 478 676 II,
496 642 547 669 22.

96 680 234 717 Popillia,
252 679 308 711 Or.
330 680 377 719 II,
395 685 423 711 2.
446 687 543 711 mater
564 681 607 718 Q.
623 680 738 718 Catuli,
764 680 813 711 cui
836 679 944 721 primae

51 722 173 752 mulieri
191 723 248 754 hoc
263 725 400 763 contigit,
423 730 458 754 ut
478 724 599 765 publice
621 724 796 754 laudaretur
814 729 945 753 mortua.

51 763 206 795 Laudavit
221 772 323 796 autem
340 767 430 798 filius.

99 809 135 839 C.
153 809 309 847 PopillinS,
325 811 360 840 P.
377 810 413 840 F.
426 811 462 847 is,
480 811 533 851 qui
549 810 654 841 consul
669 809 716 840 bis
731 809 800 839 fuit.
817 809 859 839 A.
871 810 943 844 583,

53 851 128 881 595.
151 851 233 882 Phil.
250 852 349 889 VIII,
367 854 396 884 8.
412 854 450 884 ad
462 853 648 884 Antiochum
661 852 710 883 M.
729 862 830 893 regem
848 852 945 882 Alex-

54 894 192 924 andriam
208 896 396 926 obsidentem
412 897 553 927 mittitur.
578 896 619 926 V.
630 896 699 926 Liv.
717 895 825 931 XLV,
842 896 890 925 12.

103 938 138 968 C.
157 939 301 976 Popillius
317 941 434 977 Laenas,
452 941 487 970 C.
504 940 540 970 F.
563 939 600 970 C.
616 940 659 969 N.
686 939 725 969 ad
746 939 822 968 Her.
845 938 872 975 I,
894 941 941 969 15.

57 990 76 1009 a
96 979 194 1011 Gallis
209 982 381 1013 obsidetur:
406 983 448 1013 ita
464 983 597 1019 discedit,
613 988 648 1012 ut
668 981 886 1022 impedimenta
901 992 947 1012 re-

56 1022 219 1064 linqueret,
236 1026 402 1056 exercitum
419 1026 568 1064 educeret,
585 1036 655 1056 cum
679 1025 797 1064 legatus
817 1030 891 1054 esset
908 1025 946 1054 L.

58 1065 155 1096 Cassii
169 1077 226 1098 cos.
244 1069 287 1098 A.
305 1070 377 1099 (546.
396 1069 471 1109 Leg.
489 1068 554 1105 III,
575 1072 622 1099 16.
645 1080 663 1098 a
678 1068 784 1105 Coeljo,
809 1067 883 1107 legis
902 1073 948 1097 ta-

56 1109 190 1140 bellariae
205 1117 336 1150 auctore,
354 1113 545 1153 opprimitur.
572 1112 610 1142 V.
623 1114 655 1143 C.
674 1112 796 1146 Lccnas,
813 1117 842 1140 et
856 1110 946 1147 infra,

57 1152 97 1182 P.
114 1154 273 1192 Popillius,
288 1155 323 1185 C.
341 1155 377 1185 F.

100 1197 132 1226 C'.
150 1198 307 1236 Popillius,
331 1199 367 1228 P.
387 1198 423 1228 F.
450 1199 514 1238 ejus
539 1199 660 1235 scilicet,
689 1197 742 1238 qui
769 1207 786 1226 a
810 1196 948 1227 Graccho

55 1239 168 1277 ejectus
184 1246 236 1270 est.
260 1241 351 1272 Brut.
377 1243 428 1271 25.
445 1251 505 1271 non
521 1242 692 1271 indisertus.
726 1240 820 1269 Hunc
845 1246 948 1269 autem

54 1287 108 1311 aut
122 1282 220 1312 filium
244 1290 319 1324 puto
345 1295 408 1315 esse
433 1295 515 1321 eum,
533 1285 597 1324 qui,
614 1284 644 1313 in
671 1283 759 1312 Vei-r.
785 1281 813 1319 I,
843 1286 890 1317 13,
906 1282 944 1312 de

57 1326 199 1364 peculatu
211 1326 372 1358 damnatus
385 1327 503 1357 dicitur.
531 1328 749 1357 Hotomannus
760 1326 851 1355 refert
863 1325 900 1354 ad
911 1325 948 1354 P.

58 1368 239 1408 Popillium,
256 1369 293 1399 de
309 1381 370 1410 quo
390 1371 422 1400 in
439 1369 631 1400 Cluentianfi.
657 1369 754 1399 Male.
779 1367 811 1398 Is
831 1368 868 1398 de
883 1378 949 1398 am-

58 1410 125 1441 bitu
141 1411 303 1443 damnatus
319 1419 374 1449 est,
391 1423 452 1443 non
467 1413 504 1443 de
519 1413 670 1453 peculatu.

103 1454 318 1493 L.P‹1pillz’11.‹,
336 1456 459 1487 Cluent.
483 1458 535 1488 47.
557 1456 653 1495 judex
675 1454 705 1484 in
724 1453 839 1494 judicio
854 1453 950 1484 Juni-

58 1506 126 1527 ano.
151 1497 210 1528 Sed
225 1498 303 1528 mihi
313 1499 441 1529 dubium
452 1509 513 1529 non
525 1505 579 1536 est,
591 1498 666 1540 quin
678 1498 726 1535 sit,
743 1499 779 1527 P.
792 1498 948 1536 Popillius,

57 1539 233 1580 legendum,
250 1547 284 1571 ut
301 1549 344 1572 est
359 1553 384 1572 c.
400 1542 452 1571 36.

103 1584 150 1613 M.
162 1585 322 1623 Popillius,
340 1585 388 1615 M.
406 1585 441 1615 F.
460 1585 581 1620 Laenas,
598 1585 688 1615 Brut.
706 1586 755 1613 14.
772 1583 888 1621 consul,
906 1583 946 1612 A.

58 1626 133 1657 394.
149 1626 260 1657 flamen
282 1628 496 1665 Carmentalis,
521 1627 698 1657 seditionem
723 1626 899 1657 auctoritate
921 1631 951 1656 et

59 1669 195 1700 oratione
210 1670 301 1701 sedat.
327 1671 418 1701 Unde
434 1671 544 1701 Laenas
559 1671 656 1700 dictus
670 1670 707 1700 sit
720 1672 734 1700 Ρ

105 1714 143 1743 P.
162 1714 317 1752 Popillius,
336 1713 372 1745 C.
391 1714 428 1744 F.
446 1714 483 1744 P.
497 1714 540 1744 N.
557 1713 642 1743 verr.
659 1712 702 1749 V,
719 1714 770 1743 50.
795 1712 832 1742 Ρ.
849 1710 951 1752 Rupi-

59 1754 94 1786 lii
117 1755 232 1798 collega
259 1756 291 1787 in
318 1757 489 1795 consulatu,
511 1757 553 1787 A.
569 1757 641 1787 621.
667 1756 708 1786 V.
733 1755 815 1786 Veu.
845 1753 892 1793 II,
918 1755 949 1789 7.
