<?xml version="1.0" encoding="UTF-8"?>
<!DOCTYPE html PUBLIC "-//W3C//DTD XHTML 1.0 Transitional//EN"
    "http://www.w3.org/TR/xhtml1/DTD/xhtml1-transitional.dtd">
<html xmlns="http://www.w3.org/1999/xhtml" xml:lang="en" lang="en">
 <head>
  <title>
</title>
<meta http-equiv="Content-Type" content="text/html;charset=utf-8" />
  <meta name='ocr-system' content='tesseract 3.04.00' />
  <meta name='ocr-capabilities' content='ocr_page ocr_carea ocr_par ocr_line ocrx_word'/>
</head>
<body>
  <div class='ocr_page' id='page_1' title='image "./operaern12ciceuoft_0409.png"; bbox 0 0 1137 1848; ppageno 0'>
   <div class='ocr_carea' id='block_1_1' title="bbox 291 68 967 106">
    <p class='ocr_par' dir='ltr' id='par_1_1' title="bbox 291 68 967 106">
     <span class='ocr_line' id='line_1_1' title="bbox 291 68 967 106; baseline 0.004 -7"><span class='ocrx_word' id='word_1_1' title='bbox 291 68 442 99; x_wconf 90' lang='lat' dir='ltr'>INDEX</span> <span class='ocrx_word' id='word_1_2' title='bbox 465 68 751 101; x_wconf 86' lang='lat' dir='ltr'>HISTORICUS.</span> <span class='ocrx_word' id='word_1_3' title='bbox 904 71 967 106; x_wconf 87' lang='grc'>397</span> 
     </span>
    </p>
   </div>
   <div class='ocr_carea' id='block_1_2' title="bbox 75 153 970 1783">
    <p class='ocr_par' dir='ltr' id='par_1_2' title="bbox 81 153 969 234">
     <span class='ocr_line' id='line_1_2' title="bbox 129 153 969 197; baseline 0.001 -12"><span class='ocrx_word' id='word_1_4' title='bbox 129 155 266 191; x_wconf 80' lang='lat' dir='ltr'>Tullius,</span> <span class='ocrx_word' id='word_1_5' title='bbox 282 153 371 185; x_wconf 85' lang='lat' dir='ltr'>Verr.</span> <span class='ocrx_word' id='word_1_6' title='bbox 388 155 450 192; x_wconf 89' lang='lat' dir='ltr'>IV,</span> <span class='ocrx_word' id='word_1_7' title='bbox 465 156 515 185; x_wconf 78' lang='grc' dir='ltr'>Ἦ.</span> <span class='ocrx_word' id='word_1_8' title='bbox 530 156 675 196; x_wconf 85' lang='lat' dir='ltr'>magister</span> <span class='ocrx_word' id='word_1_9' title='bbox 689 155 922 197; x_wconf 85' lang='lat' dir='ltr'>publicanorum</span> <span class='ocrx_word' id='word_1_10' title='bbox 936 156 969 186; x_wconf 81' lang='lat' dir='ltr'>in</span> 
     </span>
     <span class='ocr_line' id='line_1_3' title="bbox 81 196 455 234; baseline -0.003 -6"><span class='ocrx_word' id='word_1_11' title='bbox 81 196 195 234; x_wconf 57' lang='lat' dir='ltr'>Sicilia,</span> <span class='ocrx_word' id='word_1_12' title='bbox 211 197 326 228; x_wconf 83' lang='lat' dir='ltr'>amicus</span> <span class='ocrx_word' id='word_1_13' title='bbox 342 197 455 228; x_wconf 81' lang='lat' dir='ltr'>Verris.</span> 
     </span>
    </p>

    <p class='ocr_par' dir='ltr' id='par_1_3' title="bbox 78 239 969 356">
     <span class='ocr_line' id='line_1_4' title="bbox 131 239 969 278; baseline 0.002 -8"><span class='ocrx_word' id='word_1_14' title='bbox 131 242 253 278; x_wconf 84' lang='lat' dir='ltr'>Tullus,</span> <span class='ocrx_word' id='word_1_15' title='bbox 271 240 362 270; x_wconf 80' lang='lat' dir='ltr'>Catil.</span> <span class='ocrx_word' id='word_1_16' title='bbox 384 239 411 275; x_wconf 91' lang='lat' dir='ltr'>I,</span> <span class='ocrx_word' id='word_1_17' title='bbox 429 241 457 269; x_wconf 80' lang='grc'>6.</span> <span class='ocrx_word' id='word_1_18' title='bbox 481 241 550 270; x_wconf 86' lang='lat' dir='ltr'>Att.</span> <span class='ocrx_word' id='word_1_19' title='bbox 568 239 667 277; x_wconf 78' lang='lat' dir='ltr'>VIII,</span> <span class='ocrx_word' id='word_1_20' title='bbox 687 242 734 271; x_wconf 85' lang='lat'>15.</span> <span class='ocrx_word' id='word_1_21' title='bbox 752 248 795 272; x_wconf 65' lang='lat' dir='ltr'>est</span> <span class='ocrx_word' id='word_1_22' title='bbox 812 242 969 272; x_wconf 82' lang='lat' dir='ltr'>Volcatius</span> 
     </span>
     <span class='ocr_line' id='line_1_5' title="bbox 82 283 968 325; baseline 0.002 -12"><span class='ocrx_word' id='word_1_23' title='bbox 82 283 206 322; x_wconf 83' lang='lat' dir='ltr'>Tullus,</span> <span class='ocrx_word' id='word_1_24' title='bbox 228 283 282 324; x_wconf 90' lang='lat' dir='ltr'>qui</span> <span class='ocrx_word' id='word_1_25' title='bbox 303 283 353 313; x_wconf 86' lang='lat' dir='ltr'>M.</span> <span class='ocrx_word' id='word_1_26' title='bbox 374 283 496 313; x_wconf 78' lang='lat' dir='ltr'>AEmilii</span> <span class='ocrx_word' id='word_1_27' title='bbox 514 284 624 325; x_wconf 85' lang='lat' dir='ltr'>Lepidi</span> <span class='ocrx_word' id='word_1_28' title='bbox 637 285 752 325; x_wconf 77' lang='lat' dir='ltr'>collega</span> <span class='ocrx_word' id='word_1_29' title='bbox 763 285 794 315; x_wconf 89' lang='lat' dir='ltr'>in</span> <span class='ocrx_word' id='word_1_30' title='bbox 810 286 968 316; x_wconf 83' lang='lat' dir='ltr'>consulatu</span> 
     </span>
     <span class='ocr_line' id='line_1_6' title="bbox 78 326 146 356; baseline 0 0"><span class='ocrx_word' id='word_1_31' title='bbox 78 326 146 356; x_wconf 86' lang='lat' dir='ltr'>fuit.</span> 
     </span>
    </p>

    <p class='ocr_par' dir='ltr' id='par_1_4' title="bbox 78 367 968 659">
     <span class='ocr_line' id='line_1_7' title="bbox 126 367 966 411; baseline 0 -11"><span class='ocrx_word' id='word_1_32' title='bbox 126 370 239 400; x_wconf 81' lang='lat' dir='ltr'>Tullus</span> <span class='ocrx_word' id='word_1_33' title='bbox 254 370 396 406; x_wconf 69' lang='lat' dir='ltr'>Cluvius,</span> <span class='ocrx_word' id='word_1_34' title='bbox 413 369 494 399; x_wconf 91' lang='lat' dir='ltr'>Phil.</span> <span class='ocrx_word' id='word_1_35' title='bbox 507 367 568 407; x_wconf 82' lang='lat' dir='ltr'>IX,</span> <span class='ocrx_word' id='word_1_36' title='bbox 585 370 616 399; x_wconf 82' lang='lat'>3.</span> <span class='ocrx_word' id='word_1_37' title='bbox 635 380 714 401; x_wconf 80' lang='lat' dir='ltr'>unus</span> <span class='ocrx_word' id='word_1_38' title='bbox 730 381 746 400; x_wconf 90' lang='lat' dir='ltr'>e</span> <span class='ocrx_word' id='word_1_39' title='bbox 757 371 862 411; x_wconf 79' lang='lat' dir='ltr'>legatis</span> <span class='ocrx_word' id='word_1_40' title='bbox 874 371 966 401; x_wconf 85' lang='lat' dir='ltr'>Rom.</span> 
     </span>
     <span class='ocr_line' id='line_1_8' title="bbox 79 412 968 454; baseline 0.002 -13"><span class='ocrx_word' id='word_1_41' title='bbox 79 412 134 452; x_wconf 92' lang='lat' dir='ltr'>qui</span> <span class='ocrx_word' id='word_1_42' title='bbox 149 423 167 442; x_wconf 87' lang='lat' dir='ltr'>a</span> <span class='ocrx_word' id='word_1_43' title='bbox 184 413 276 442; x_wconf 80' lang='lat' dir='ltr'><strong>Larte</strong></span> <span class='ocrx_word' id='word_1_44' title='bbox 296 412 464 442; x_wconf 84' lang='lat' dir='ltr'>Tolumnio</span> <span class='ocrx_word' id='word_1_45' title='bbox 485 412 632 443; x_wconf 84' lang='lat' dir='ltr'><strong>interfecti</strong></span> <span class='ocrx_word' id='word_1_46' title='bbox 653 420 733 443; x_wconf 84' lang='lat' dir='ltr'>sunt.</span> <span class='ocrx_word' id='word_1_47' title='bbox 764 414 823 444; x_wconf 73' lang='lat' dir='ltr'>Sed</span> <span class='ocrx_word' id='word_1_48' title='bbox 840 414 968 454; x_wconf 85' lang='lat' dir='ltr'>Pighius</span> 
     </span>
     <span class='ocr_line' id='line_1_9' title="bbox 78 455 967 496; baseline 0.002 -12"><span class='ocrx_word' id='word_1_49' title='bbox 78 455 242 495; x_wconf 81' lang='lat' dir='ltr'>legendum</span> <span class='ocrx_word' id='word_1_50' title='bbox 269 460 367 484; x_wconf 82' lang='lat' dir='ltr'>censet</span> <span class='ocrx_word' id='word_1_51' title='bbox 390 456 426 484; x_wconf 91' lang='lat' dir='ltr'>L.</span> <span class='ocrx_word' id='word_1_52' title='bbox 447 456 564 492; x_wconf 78' lang='lat' dir='ltr'>Julius,</span> <span class='ocrx_word' id='word_1_53' title='bbox 588 456 642 496; x_wconf 85' lang='lat' dir='ltr'>qui</span> <span class='ocrx_word' id='word_1_54' title='bbox 668 457 710 486; x_wconf 92' lang='lat' dir='ltr'>A.</span> <span class='ocrx_word' id='word_1_55' title='bbox 734 458 796 486; x_wconf 75' lang='lat'>:303</span> <span class='ocrx_word' id='word_1_56' title='bbox 817 456 967 487; x_wconf 82' lang='lat' dir='ltr'>decemvir</span> 
     </span>
     <span class='ocr_line' id='line_1_10' title="bbox 78 497 968 539; baseline 0.003 -12"><span class='ocrx_word' id='word_1_57' title='bbox 78 497 148 534; x_wconf 84' lang='lat' dir='ltr'>fuit,</span> <span class='ocrx_word' id='word_1_58' title='bbox 172 508 233 528; x_wconf 85' lang='lat' dir='ltr'>non</span> <span class='ocrx_word' id='word_1_59' title='bbox 259 499 291 528; x_wconf 87' lang='lat' dir='ltr'>C.</span> <span class='ocrx_word' id='word_1_60' title='bbox 317 499 436 535; x_wconf 76' lang='lat' dir='ltr'>Julius,</span> <span class='ocrx_word' id='word_1_61' title='bbox 461 498 514 539; x_wconf 86' lang='lat' dir='ltr'>qui</span> <span class='ocrx_word' id='word_1_62' title='bbox 529 499 596 528; x_wconf 84' lang='lat' dir='ltr'>trib.</span> <span class='ocrx_word' id='word_1_63' title='bbox 614 499 678 528; x_wconf 84' lang='lat' dir='ltr'>mil.</span> <span class='ocrx_word' id='word_1_64' title='bbox 695 498 754 529; x_wconf 86' lang='lat' dir='ltr'>fuit</span> <span class='ocrx_word' id='word_1_65' title='bbox 768 501 809 528; x_wconf 81' lang='lat' dir='ltr'>A.</span> <span class='ocrx_word' id='word_1_66' title='bbox 827 501 900 529; x_wconf 79' lang='lat'>315.</span> <span class='ocrx_word' id='word_1_67' title='bbox 925 499 968 530; x_wconf 91' lang='lat' dir='ltr'>V.</span> 
     </span>
     <span class='ocr_line' id='line_1_11' title="bbox 79 540 968 581; baseline -0.001 -11"><span class='ocrx_word' id='word_1_68' title='bbox 79 541 119 571; x_wconf 84' lang='lat' dir='ltr'>ad</span> <span class='ocrx_word' id='word_1_69' title='bbox 133 541 164 570; x_wconf 93' lang='lat' dir='ltr'>h.</span> <span class='ocrx_word' id='word_1_70' title='bbox 182 552 209 571; x_wconf 86' lang='lat' dir='ltr'>a.</span> <span class='ocrx_word' id='word_1_71' title='bbox 225 540 324 581; x_wconf 87' lang='lat' dir='ltr'>Apud</span> <span class='ocrx_word' id='word_1_72' title='bbox 340 541 491 579; x_wconf 77' lang='lat' dir='ltr'>Plinium,</span> <span class='ocrx_word' id='word_1_73' title='bbox 509 541 676 579; x_wconf 85' lang='lat' dir='ltr'>XXXIV,</span> <span class='ocrx_word' id='word_1_74' title='bbox 688 543 717 571; x_wconf 78' lang='grc' dir='ltr'>(ἱ.</span> <span class='ocrx_word' id='word_1_75' title='bbox 738 542 784 572; x_wconf 88' lang='lat' dir='ltr'>ed.</span> <span class='ocrx_word' id='word_1_76' title='bbox 798 542 897 572; x_wconf 86' lang='lat' dir='ltr'>Hard.</span> <span class='ocrx_word' id='word_1_77' title='bbox 914 553 968 573; x_wconf 83' lang='lat' dir='ltr'>vo-</span> 
     </span>
     <span class='ocr_line' id='line_1_12' title="bbox 79 584 968 623; baseline 0.003 -10"><span class='ocrx_word' id='word_1_78' title='bbox 79 589 165 614; x_wconf 82' lang='lat' dir='ltr'>catur</span> <span class='ocrx_word' id='word_1_79' title='bbox 183 584 290 613; x_wconf 82' lang='lat' dir='ltr'>Tullus</span> <span class='ocrx_word' id='word_1_80' title='bbox 308 584 445 620; x_wconf 76' lang='lat' dir='ltr'>Cloelz&#39;us,</span> <span class='ocrx_word' id='word_1_81' title='bbox 463 595 478 614; x_wconf 92' lang='lat' dir='ltr'>e</span> <span class='ocrx_word' id='word_1_82' title='bbox 493 585 564 615; x_wconf 75' lang='lat' dir='ltr'>MS.</span> <span class='ocrx_word' id='word_1_83' title='bbox 577 585 656 615; x_wconf 84' lang='lat' dir='ltr'>Edd.</span> <span class='ocrx_word' id='word_1_84' title='bbox 675 585 741 614; x_wconf 84' lang='lat' dir='ltr'>aliae</span> <span class='ocrx_word' id='word_1_85' title='bbox 757 584 870 615; x_wconf 81' lang='lat' dir='ltr'>habent</span> <span class='ocrx_word' id='word_1_86' title='bbox 890 587 968 623; x_wconf 76' lang='lat' dir='ltr'>Tul-</span> 
     </span>
     <span class='ocr_line' id='line_1_13' title="bbox 78 625 965 659; baseline 0 -2"><span class='ocrx_word' id='word_1_87' title='bbox 78 629 126 657; x_wconf 81' lang='lat' dir='ltr'>lus</span> <span class='ocrx_word' id='word_1_88' title='bbox 145 628 265 657; x_wconf 73' lang='lat' dir='ltr'>Coelius.</span> <span class='ocrx_word' id='word_1_89' title='bbox 290 625 329 656; x_wconf 92' lang='lat' dir='ltr'>V.</span> <span class='ocrx_word' id='word_1_90' title='bbox 347 627 500 656; x_wconf 82' lang='lat' dir='ltr'>Harduin.</span> <span class='ocrx_word' id='word_1_91' title='bbox 515 634 544 657; x_wconf 80' lang='lat' dir='ltr'>et</span> <span class='ocrx_word' id='word_1_92' title='bbox 558 633 620 657; x_wconf 87' lang='lat' dir='ltr'>not.</span> <span class='ocrx_word' id='word_1_93' title='bbox 638 627 762 657; x_wconf 87' lang='lat' dir='ltr'>Gruteri</span> <span class='ocrx_word' id='word_1_94' title='bbox 777 627 815 657; x_wconf 83' lang='lat' dir='ltr'>ad</span> <span class='ocrx_word' id='word_1_95' title='bbox 828 627 892 659; x_wconf 86' lang='lat' dir='ltr'>Cic.</span> <span class='ocrx_word' id='word_1_96' title='bbox 908 628 928 657; x_wconf 88' lang='lat' dir='ltr'>l.</span> <span class='ocrx_word' id='word_1_97' title='bbox 940 639 965 658; x_wconf 89' lang='lat' dir='ltr'>c.</span> 
     </span>
    </p>

    <p class='ocr_par' dir='ltr' id='par_1_5' title="bbox 77 669 967 753">
     <span class='ocr_line' id='line_1_14' title="bbox 126 669 967 712; baseline 0.004 -13"><span class='ocrx_word' id='word_1_98' title='bbox 126 671 237 700; x_wconf 84' lang='lat' dir='ltr'>Tullus</span> <span class='ocrx_word' id='word_1_99' title='bbox 249 671 414 707; x_wconf 76' lang='lat' dir='ltr'>Hostilius,</span> <span class='ocrx_word' id='word_1_100' title='bbox 432 669 516 701; x_wconf 80' lang='lat' dir='ltr'>Phil.</span> <span class='ocrx_word' id='word_1_101' title='bbox 529 670 632 709; x_wconf 82' lang='lat' dir='ltr'>XIII,</span> <span class='ocrx_word' id='word_1_102' title='bbox 652 671 700 700; x_wconf 80' lang='lat'>12.</span> <span class='ocrx_word' id='word_1_103' title='bbox 716 670 856 701; x_wconf 86' lang='lat' dir='ltr'>tribunus</span> <span class='ocrx_word' id='word_1_104' title='bbox 869 671 967 712; x_wconf 78' lang='lat' dir='ltr'>plebis</span> 
     </span>
     <span class='ocr_line' id='line_1_15' title="bbox 77 713 260 753; baseline 0 -10"><span class='ocrx_word' id='word_1_105' title='bbox 77 713 260 753; x_wconf 82' lang='lat' dir='ltr'>designatus.</span> 
     </span>
    </p>

    <p class='ocr_par' dir='ltr' id='par_1_6' title="bbox 128 756 611 787">
     <span class='ocr_line' id='line_1_16' title="bbox 128 756 611 787; baseline 0.004 -2"><span class='ocrx_word' id='word_1_106' title='bbox 128 757 256 786; x_wconf 76' lang='lat' dir='ltr'>Tullius</span> <span class='ocrx_word' id='word_1_107' title='bbox 273 757 400 786; x_wconf 80' lang='lat' dir='ltr'><em>Cimber.</em></span> <span class='ocrx_word' id='word_1_108' title='bbox 425 756 465 786; x_wconf 88' lang='lat' dir='ltr'>V.</span> <span class='ocrx_word' id='word_1_109' title='bbox 488 758 611 787; x_wconf 78' lang='lat' dir='ltr'>Tillius.</span> 
     </span>
    </p>

    <p class='ocr_par' dir='ltr' id='par_1_7' title="bbox 75 799 968 1173">
     <span class='ocr_line' id='line_1_17' title="bbox 120 799 966 841; baseline 0.004 -13"><span class='ocrx_word' id='word_1_110' title='bbox 120 800 166 829; x_wconf 88' lang='lat' dir='ltr'>D.</span> <span class='ocrx_word' id='word_1_111' title='bbox 189 800 376 837; x_wconf 72' lang='lat' dir='ltr'>Turranius,</span> <span class='ocrx_word' id='word_1_112' title='bbox 390 803 458 830; x_wconf 82' lang='lat' dir='ltr'>Att.</span> <span class='ocrx_word' id='word_1_113' title='bbox 469 799 495 837; x_wconf 86' lang='lat' dir='ltr'>I,</span> <span class='ocrx_word' id='word_1_114' title='bbox 509 802 538 829; x_wconf 80' lang='grc' dir='ltr'>ὕ.</span> <span class='ocrx_word' id='word_1_115' title='bbox 555 801 647 830; x_wconf 85' lang='lat' dir='ltr'>homo</span> <span class='ocrx_word' id='word_1_116' title='bbox 661 803 856 841; x_wconf 63' lang='grc' dir='ltr'>χρηστομαὲη</span> <span class='ocrx_word' id='word_1_117' title='bbox 863 813 885 837; x_wconf 78' lang='grc' dir='ltr'>ς,</span> <span class='ocrx_word' id='word_1_118' title='bbox 895 811 966 831; x_wconf 88' lang='lat' dir='ltr'>cum</span> 
     </span>
     <span class='ocr_line' id='line_1_18' title="bbox 78 841 967 883; baseline 0.003 -12"><span class='ocrx_word' id='word_1_119' title='bbox 78 841 119 880; x_wconf 89' lang='lat' dir='ltr'>Q.</span> <span class='ocrx_word' id='word_1_120' title='bbox 139 841 282 873; x_wconf 88' lang='lat' dir='ltr'>Cicerone</span> <span class='ocrx_word' id='word_1_121' title='bbox 297 842 328 872; x_wconf 88' lang='lat' dir='ltr'>in</span> <span class='ocrx_word' id='word_1_122' title='bbox 344 843 465 883; x_wconf 79' lang='lat' dir='ltr'>praediis</span> <span class='ocrx_word' id='word_1_123' title='bbox 479 843 679 883; x_wconf 82' lang='lat' dir='ltr'>Arpinatibus</span> <span class='ocrx_word' id='word_1_124' title='bbox 692 848 746 872; x_wconf 85' lang='lat' dir='ltr'>est.</span> <span class='ocrx_word' id='word_1_125' title='bbox 771 843 832 879; x_wconf 76' lang='lat' dir='ltr'>VI,</span> <span class='ocrx_word' id='word_1_126' title='bbox 849 845 879 874; x_wconf 82' lang='lat'>9.</span> <span class='ocrx_word' id='word_1_127' title='bbox 895 854 967 874; x_wconf 89' lang='lat' dir='ltr'>cum</span> 
     </span>
     <span class='ocr_line' id='line_1_19' title="bbox 77 885 968 926; baseline 0.001 -11"><span class='ocrx_word' id='word_1_128' title='bbox 77 885 221 915; x_wconf 86' lang='lat' dir='ltr'>Cicerone</span> <span class='ocrx_word' id='word_1_129' title='bbox 244 885 276 914; x_wconf 88' lang='lat' dir='ltr'>in</span> <span class='ocrx_word' id='word_1_130' title='bbox 298 885 405 916; x_wconf 59' lang='lat' dir='ltr'>Cilici-:2</span> <span class='ocrx_word' id='word_1_131' title='bbox 423 885 612 926; x_wconf 79' lang='lat' dir='ltr'>aliquamdiu</span> <span class='ocrx_word' id='word_1_132' title='bbox 631 886 702 915; x_wconf 87' lang='lat' dir='ltr'>fuit.</span> <span class='ocrx_word' id='word_1_133' title='bbox 731 885 887 916; x_wconf 84' lang='lat' dir='ltr'>Eumdem</span> <span class='ocrx_word' id='word_1_134' title='bbox 911 886 968 916; x_wconf 91' lang='lat' dir='ltr'>ho-</span> 
     </span>
     <span class='ocr_line' id='line_1_20' title="bbox 76 928 967 969; baseline 0.001 -11"><span class='ocrx_word' id='word_1_135' title='bbox 76 928 192 958; x_wconf 82' lang='lat' dir='ltr'>minem</span> <span class='ocrx_word' id='word_1_136' title='bbox 215 929 359 965; x_wconf 80' lang='lat' dir='ltr'>esse,&#39;res</span> <span class='ocrx_word' id='word_1_137' title='bbox 379 929 445 969; x_wconf 80' lang='lat' dir='ltr'>ipsa</span> <span class='ocrx_word' id='word_1_138' title='bbox 460 928 605 969; x_wconf 74' lang='lat' dir='ltr'>suspicari</span> <span class='ocrx_word' id='word_1_139' title='bbox 622 928 704 965; x_wconf 78' lang='lat' dir='ltr'>facit,</span> <span class='ocrx_word' id='word_1_140' title='bbox 725 929 779 958; x_wconf 71' lang='lat' dir='ltr'>etsi</span> <span class='ocrx_word' id='word_1_141' title='bbox 795 929 886 969; x_wconf 88' lang='lat' dir='ltr'>priori</span> <span class='ocrx_word' id='word_1_142' title='bbox 901 929 967 959; x_wconf 91' lang='lat' dir='ltr'>loco</span> 
     </span>
     <span class='ocr_line' id='line_1_21' title="bbox 75 971 968 1008; baseline 0.001 -7"><span class='ocrx_word' id='word_1_143' title='bbox 75 971 114 1002; x_wconf 85' lang='lat' dir='ltr'>sit</span> <span class='ocrx_word' id='word_1_144' title='bbox 134 972 326 1008; x_wconf 78' lang='lat' dir='ltr'>Turranius,</span> <span class='ocrx_word' id='word_1_145' title='bbox 342 971 435 1001; x_wconf 87' lang='lat' dir='ltr'>altero</span> <span class='ocrx_word' id='word_1_146' title='bbox 455 973 652 1002; x_wconf 75' lang='lat' dir='ltr'>Turannius.</span> <span class='ocrx_word' id='word_1_147' title='bbox 676 972 758 1001; x_wconf 88' lang='lat' dir='ltr'>Nam</span> <span class='ocrx_word' id='word_1_148' title='bbox 769 971 833 1002; x_wconf 85' lang='lat' dir='ltr'>haec</span> <span class='ocrx_word' id='word_1_149' title='bbox 842 972 968 1002; x_wconf 84' lang='lat' dir='ltr'>nomina</span> 
     </span>
     <span class='ocr_line' id='line_1_22' title="bbox 76 1014 967 1051; baseline 0.001 -7"><span class='ocrx_word' id='word_1_150' title='bbox 76 1014 182 1044; x_wconf 85' lang='lat' dir='ltr'>eadem</span> <span class='ocrx_word' id='word_1_151' title='bbox 199 1020 279 1051; x_wconf 85' lang='lat' dir='ltr'>sunt,</span> <span class='ocrx_word' id='word_1_152' title='bbox 297 1020 332 1044; x_wconf 89' lang='lat' dir='ltr'>ut</span> <span class='ocrx_word' id='word_1_153' title='bbox 346 1021 376 1044; x_wconf 84' lang='lat' dir='ltr'>et</span> <span class='ocrx_word' id='word_1_154' title='bbox 397 1016 570 1044; x_wconf 76' lang='lat' dir='ltr'>Turanius.</span> <span class='ocrx_word' id='word_1_155' title='bbox 596 1014 714 1044; x_wconf 80' lang='lat' dir='ltr'>Eadem</span> <span class='ocrx_word' id='word_1_156' title='bbox 731 1015 859 1044; x_wconf 81' lang='lat' dir='ltr'>varietas</span> <span class='ocrx_word' id='word_1_157' title='bbox 874 1015 967 1045; x_wconf 82' lang='lat' dir='ltr'>etiam</span> 
     </span>
     <span class='ocr_line' id='line_1_23' title="bbox 76 1056 968 1098; baseline 0.001 -12"><span class='ocrx_word' id='word_1_158' title='bbox 76 1056 109 1086; x_wconf 93' lang='lat' dir='ltr'>in</span> <span class='ocrx_word' id='word_1_159' title='bbox 123 1056 275 1097; x_wconf 79' lang='lat' dir='ltr'>lapidibus</span> <span class='ocrx_word' id='word_1_160' title='bbox 295 1057 540 1098; x_wconf 84' lang='lat' dir='ltr'>deprehenditur.</span> <span class='ocrx_word' id='word_1_161' title='bbox 570 1057 662 1087; x_wconf 81' lang='lat' dir='ltr'>Forte</span> <span class='ocrx_word' id='word_1_162' title='bbox 679 1062 723 1086; x_wconf 82' lang='lat' dir='ltr'>est</span> <span class='ocrx_word' id='word_1_163' title='bbox 744 1056 796 1087; x_wconf 88' lang='lat' dir='ltr'>ille</span> <span class='ocrx_word' id='word_1_164' title='bbox 816 1057 890 1096; x_wconf 82' lang='lat' dir='ltr'>ipse,</span> <span class='ocrx_word' id='word_1_165' title='bbox 913 1058 968 1097; x_wconf 82' lang='lat' dir='ltr'>qui</span> 
     </span>
     <span class='ocr_line' id='line_1_24' title="bbox 76 1098 966 1141; baseline 0.001 -12"><span class='ocrx_word' id='word_1_166' title='bbox 76 1105 331 1130; x_wconf 86' lang='lat' dir='ltr'>commemoratur</span> <span class='ocrx_word' id='word_1_167' title='bbox 354 1110 402 1141; x_wconf 83' lang='lat' dir='ltr'>ap.</span> <span class='ocrx_word' id='word_1_168' title='bbox 426 1100 508 1130; x_wconf 88' lang='lat' dir='ltr'>Plin.</span> <span class='ocrx_word' id='word_1_169' title='bbox 529 1100 572 1130; x_wconf 91' lang='lat' dir='ltr'>H.</span> <span class='ocrx_word' id='word_1_170' title='bbox 590 1100 633 1130; x_wconf 91' lang='lat' dir='ltr'>N.</span> <span class='ocrx_word' id='word_1_171' title='bbox 653 1098 718 1138; x_wconf 77' lang='grc' dir='ltr'>ΙΙΙ,</span> <span class='ocrx_word' id='word_1_172' title='bbox 740 1103 765 1130; x_wconf 83' lang='grc' dir='ltr'>ι.</span> <span class='ocrx_word' id='word_1_173' title='bbox 789 1099 853 1138; x_wconf 86' lang='grc' dir='ltr'>ΙΧ,</span> <span class='ocrx_word' id='word_1_174' title='bbox 870 1102 900 1130; x_wconf 89' lang='grc'>8.</span> <span class='ocrx_word' id='word_1_175' title='bbox 925 1100 966 1130; x_wconf 94' lang='lat' dir='ltr'>V.</span> 
     </span>
     <span class='ocr_line' id='line_1_25' title="bbox 77 1142 463 1173; baseline 0.003 -1"><span class='ocrx_word' id='word_1_176' title='bbox 77 1142 231 1172; x_wconf 87' lang='lat' dir='ltr'>Harduin.</span> <span class='ocrx_word' id='word_1_177' title='bbox 248 1142 318 1173; x_wconf 85' lang='lat' dir='ltr'>Ind.</span> <span class='ocrx_word' id='word_1_178' title='bbox 334 1143 463 1173; x_wconf 88' lang='lat' dir='ltr'>Auctor.</span> 
     </span>
    </p>

    <p class='ocr_par' dir='ltr' id='par_1_8' title="bbox 76 1185 966 1266">
     <span class='ocr_line' id='line_1_26' title="bbox 120 1185 966 1226; baseline 0.002 -11"><span class='ocrx_word' id='word_1_179' title='bbox 120 1186 176 1215; x_wconf 85' lang='grc' dir='ltr'>Μ’</span> <span class='ocrx_word' id='word_1_180' title='bbox 197 1186 392 1224; x_wconf 76' lang='lat' dir='ltr'>Turranius,</span> <span class='ocrx_word' id='word_1_181' title='bbox 410 1185 491 1216; x_wconf 89' lang='lat' dir='ltr'>Phil.</span> <span class='ocrx_word' id='word_1_182' title='bbox 507 1185 608 1223; x_wconf 86' lang='lat' dir='ltr'>XIII,</span> <span class='ocrx_word' id='word_1_183' title='bbox 630 1190 677 1217; x_wconf 87' lang='lat'>10.</span> <span class='ocrx_word' id='word_1_184' title='bbox 693 1186 891 1226; x_wconf 63' lang='lat' dir='ltr'>provinciam,</span> <span class='ocrx_word' id='word_1_185' title='bbox 909 1186 966 1217; x_wconf 86' lang='lat' dir='ltr'>sibi</span> 
     </span>
     <span class='ocr_line' id='line_1_27' title="bbox 76 1228 540 1266; baseline 0 -8"><span class='ocrx_word' id='word_1_186' title='bbox 76 1229 114 1259; x_wconf 84' lang='lat' dir='ltr'>ab</span> <span class='ocrx_word' id='word_1_187' title='bbox 131 1228 266 1259; x_wconf 86' lang='lat' dir='ltr'>Antonio</span> <span class='ocrx_word' id='word_1_188' title='bbox 281 1229 396 1266; x_wconf 81' lang='lat' dir='ltr'>datam,</span> <span class='ocrx_word' id='word_1_189' title='bbox 412 1236 540 1259; x_wconf 83' lang='lat' dir='ltr'>recusat.</span> 
     </span>
    </p>

    <p class='ocr_par' dir='ltr' id='par_1_9' title="bbox 76 1271 967 1393">
     <span class='ocr_line' id='line_1_28' title="bbox 126 1271 967 1312; baseline 0.002 -11"><span class='ocrx_word' id='word_1_190' title='bbox 126 1273 266 1309; x_wconf 81' lang='lat' dir='ltr'>Turdus,</span> <span class='ocrx_word' id='word_1_191' title='bbox 282 1271 321 1302; x_wconf 85' lang='lat' dir='ltr'>ad</span> <span class='ocrx_word' id='word_1_192' title='bbox 335 1272 408 1302; x_wconf 85' lang='lat' dir='ltr'>Div.</span> <span class='ocrx_word' id='word_1_193' title='bbox 427 1271 489 1310; x_wconf 92' lang='lat' dir='ltr'>IX,</span> <span class='ocrx_word' id='word_1_194' title='bbox 507 1273 558 1302; x_wconf 76' lang='lat'>21.</span> <span class='ocrx_word' id='word_1_195' title='bbox 581 1281 747 1312; x_wconf 84' lang='lat' dir='ltr'>cognomen</span> <span class='ocrx_word' id='word_1_196' title='bbox 765 1271 890 1302; x_wconf 83' lang='lat' dir='ltr'>familiae</span> <span class='ocrx_word' id='word_1_197' title='bbox 906 1273 967 1303; x_wconf 88' lang='lat' dir='ltr'>Pa-</span> 
     </span>
     <span class='ocr_line' id='line_1_29' title="bbox 76 1313 967 1356; baseline 0.002 -12"><span class='ocrx_word' id='word_1_198' title='bbox 76 1313 162 1355; x_wconf 81' lang='lat' dir='ltr'>piriae</span> <span class='ocrx_word' id='word_1_199' title='bbox 180 1314 316 1355; x_wconf 85' lang='lat' dir='ltr'>plebeiae.</span> <span class='ocrx_word' id='word_1_200' title='bbox 338 1314 375 1345; x_wconf 90' lang='lat' dir='ltr'>C.</span> <span class='ocrx_word' id='word_1_201' title='bbox 392 1313 532 1355; x_wconf 89' lang='lat' dir='ltr'>Papirius</span> <span class='ocrx_word' id='word_1_202' title='bbox 551 1315 677 1345; x_wconf 87' lang='lat' dir='ltr'>Turdus</span> <span class='ocrx_word' id='word_1_203' title='bbox 697 1314 767 1344; x_wconf 84' lang='lat' dir='ltr'>trib.</span> <span class='ocrx_word' id='word_1_204' title='bbox 781 1314 823 1355; x_wconf 87' lang='lat' dir='ltr'>pl.</span> <span class='ocrx_word' id='word_1_205' title='bbox 847 1320 890 1345; x_wconf 83' lang='lat' dir='ltr'>est</span> <span class='ocrx_word' id='word_1_206' title='bbox 917 1326 967 1356; x_wconf 87' lang='lat' dir='ltr'>ap.</span> 
     </span>
     <span class='ocr_line' id='line_1_30' title="bbox 79 1355 307 1393; baseline 0 -6"><span class='ocrx_word' id='word_1_207' title='bbox 79 1357 149 1387; x_wconf 88' lang='lat' dir='ltr'>Liv.</span> <span class='ocrx_word' id='word_1_208' title='bbox 167 1355 260 1393; x_wconf 86' lang='lat' dir='ltr'>XLI,</span> <span class='ocrx_word' id='word_1_209' title='bbox 278 1358 307 1387; x_wconf 88' lang='grc'>6.</span> 
     </span>
    </p>

    <p class='ocr_par' dir='ltr' id='par_1_10' title="bbox 76 1399 970 1742">
     <span class='ocr_line' id='line_1_31' title="bbox 120 1399 968 1441; baseline 0.002 -12"><span class='ocrx_word' id='word_1_210' title='bbox 120 1401 161 1430; x_wconf 94' lang='lat' dir='ltr'>L.</span> <span class='ocrx_word' id='word_1_211' title='bbox 184 1401 312 1437; x_wconf 80' lang='lat' dir='ltr'>Turius,</span> <span class='ocrx_word' id='word_1_212' title='bbox 325 1400 414 1430; x_wconf 82' lang='lat' dir='ltr'>Brut.</span> <span class='ocrx_word' id='word_1_213' title='bbox 429 1400 480 1432; x_wconf 80' lang='lat'>67.</span> <span class='ocrx_word' id='word_1_214' title='bbox 493 1409 588 1441; x_wconf 81' lang='lat' dir='ltr'>parvo</span> <span class='ocrx_word' id='word_1_215' title='bbox 599 1399 733 1439; x_wconf 84' lang='lat' dir='ltr'>ingenio,</span> <span class='ocrx_word' id='word_1_216' title='bbox 745 1399 795 1430; x_wconf 84' lang='lat' dir='ltr'>sed</span> <span class='ocrx_word' id='word_1_217' title='bbox 806 1400 968 1431; x_wconf 71' lang='lat' dir='ltr'>studiosus.</span> 
     </span>
     <span class='ocr_line' id='line_1_32' title="bbox 76 1442 969 1483; baseline 0.002 -11"><span class='ocrx_word' id='word_1_218' title='bbox 76 1443 118 1473; x_wconf 90' lang='lat' dir='ltr'>Ei</span> <span class='ocrx_word' id='word_1_219' title='bbox 133 1453 237 1483; x_wconf 86' lang='lat' dir='ltr'>paucae</span> <span class='ocrx_word' id='word_1_220' title='bbox 252 1443 393 1472; x_wconf 87' lang='lat' dir='ltr'>centuriae</span> <span class='ocrx_word' id='word_1_221' title='bbox 408 1443 447 1473; x_wconf 85' lang='lat' dir='ltr'>ad</span> <span class='ocrx_word' id='word_1_222' title='bbox 461 1443 651 1473; x_wconf 85' lang='lat' dir='ltr'>consulatum</span> <span class='ocrx_word' id='word_1_223' title='bbox 661 1442 794 1473; x_wconf 78' lang='lat' dir='ltr'>defuere.</span> <span class='ocrx_word' id='word_1_224' title='bbox 815 1443 901 1473; x_wconf 83' lang='lat' dir='ltr'>Olim</span> <span class='ocrx_word' id='word_1_225' title='bbox 918 1444 969 1475; x_wconf 82' lang='lat' dir='ltr'>hic</span> 
     </span>
     <span class='ocr_line' id='line_1_33' title="bbox 80 1485 966 1526; baseline 0.002 -11"><span class='ocrx_word' id='word_1_226' title='bbox 80 1486 237 1525; x_wconf 78' lang='lat' dir='ltr'>legebatur</span> <span class='ocrx_word' id='word_1_227' title='bbox 259 1487 413 1521; x_wconf 81' lang='lat' dir='ltr'>leo7·ius‚·</span> <span class='ocrx_word' id='word_1_228' title='bbox 437 1485 518 1515; x_wconf 90' lang='lat' dir='ltr'>unde</span> <span class='ocrx_word' id='word_1_229' title='bbox 537 1485 592 1515; x_wconf 86' lang='lat' dir='ltr'>viri</span> <span class='ocrx_word' id='word_1_230' title='bbox 615 1485 695 1515; x_wconf 87' lang='lat' dir='ltr'>docti</span> <span class='ocrx_word' id='word_1_231' title='bbox 714 1492 856 1526; x_wconf 85' lang='lat' dir='ltr'>ceperunt</span> <span class='ocrx_word' id='word_1_232' title='bbox 872 1486 909 1516; x_wconf 88' lang='lat' dir='ltr'>de</span> <span class='ocrx_word' id='word_1_233' title='bbox 924 1488 966 1517; x_wconf 94' lang='lat' dir='ltr'>L.</span> 
     </span>
     <span class='ocr_line' id='line_1_34' title="bbox 83 1528 967 1569; baseline 0.001 -11"><span class='ocrx_word' id='word_1_234' title='bbox 83 1528 196 1559; x_wconf 71' lang='lat' dir='ltr'>Tlcorz&#39;o</span> <span class='ocrx_word' id='word_1_235' title='bbox 207 1530 317 1567; x_wconf 61' lang='lat' dir='ltr'>Balbo,</span> <span class='ocrx_word' id='word_1_236' title='bbox 334 1528 371 1558; x_wconf 92' lang='lat' dir='ltr'>de</span> <span class='ocrx_word' id='word_1_237' title='bbox 387 1539 447 1569; x_wconf 87' lang='lat' dir='ltr'>quo</span> <span class='ocrx_word' id='word_1_238' title='bbox 459 1538 561 1568; x_wconf 83' lang='lat' dir='ltr'>supra.</span> <span class='ocrx_word' id='word_1_239' title='bbox 584 1528 694 1558; x_wconf 82' lang='lat' dir='ltr'>Nescio</span> <span class='ocrx_word' id='word_1_240' title='bbox 711 1538 747 1558; x_wconf 83' lang='lat' dir='ltr'>an</span> <span class='ocrx_word' id='word_1_241' title='bbox 764 1528 795 1558; x_wconf 88' lang='lat' dir='ltr'>in</span> <span class='ocrx_word' id='word_1_242' title='bbox 810 1529 967 1559; x_wconf 84' lang='lat' dir='ltr'>hominem</span> 
     </span>
     <span class='ocr_line' id='line_1_35' title="bbox 77 1570 967 1612; baseline 0.001 -11"><span class='ocrx_word' id='word_1_243' title='bbox 77 1572 167 1601; x_wconf 83' lang='lat' dir='ltr'>illum</span> <span class='ocrx_word' id='word_1_244' title='bbox 180 1571 483 1612; x_wconf 81' lang='lat' dir='ltr'>voluptuosissimum</span> <span class='ocrx_word' id='word_1_245' title='bbox 496 1570 582 1601; x_wconf 82' lang='lat' dir='ltr'>cadat</span> <span class='ocrx_word' id='word_1_246' title='bbox 593 1570 738 1601; x_wconf 73' lang='lat' dir='ltr'>“multus</span> <span class='ocrx_word' id='word_1_247' title='bbox 746 1571 967 1612; x_wconf 74' lang='lat' dir='ltr'>labor‚&#39;&#39;quem</span> 
     </span>
     <span class='ocr_line' id='line_1_36' title="bbox 78 1613 967 1655; baseline 0.001 -11"><span class='ocrx_word' id='word_1_248' title='bbox 78 1613 150 1644; x_wconf 91' lang='lat' dir='ltr'>huic</span> <span class='ocrx_word' id='word_1_249' title='bbox 169 1614 208 1644; x_wconf 83' lang='lat' dir='ltr'>L.</span> <span class='ocrx_word' id='word_1_250' title='bbox 231 1614 329 1644; x_wconf 85' lang='lat' dir='ltr'>Turio</span> <span class='ocrx_word' id='word_1_251' title='bbox 348 1614 452 1644; x_wconf 89' lang='lat' dir='ltr'>Cicero</span> <span class='ocrx_word' id='word_1_252' title='bbox 473 1613 588 1644; x_wconf 76' lang='lat' dir='ltr'>tribuit.</span> <span class='ocrx_word' id='word_1_253' title='bbox 621 1613 736 1644; x_wconf 83' lang='lat' dir='ltr'>Turius</span> <span class='ocrx_word' id='word_1_254' title='bbox 757 1614 838 1655; x_wconf 87' lang='lat' dir='ltr'>apud</span> <span class='ocrx_word' id='word_1_255' title='bbox 854 1620 967 1645; x_wconf 87' lang='lat' dir='ltr'>veteres</span> 
     </span>
     <span class='ocr_line' id='line_1_37' title="bbox 79 1656 966 1696; baseline 0.001 -10"><span class='ocrx_word' id='word_1_256' title='bbox 79 1666 141 1686; x_wconf 90' lang='lat' dir='ltr'>non</span> <span class='ocrx_word' id='word_1_257' title='bbox 152 1666 233 1687; x_wconf 89' lang='lat' dir='ltr'>unus</span> <span class='ocrx_word' id='word_1_258' title='bbox 243 1657 379 1687; x_wconf 79' lang='lat' dir='ltr'>occurrit.</span> <span class='ocrx_word' id='word_1_259' title='bbox 402 1657 444 1695; x_wconf 85' lang='lat' dir='ltr'>Q.</span> <span class='ocrx_word' id='word_1_260' title='bbox 459 1656 574 1687; x_wconf 87' lang='lat' dir='ltr'>Turius</span> <span class='ocrx_word' id='word_1_261' title='bbox 589 1666 638 1696; x_wconf 85' lang='lat' dir='ltr'>ap.</span> <span class='ocrx_word' id='word_1_262' title='bbox 653 1656 754 1696; x_wconf 84' lang='lat' dir='ltr'>ipsum</span> <span class='ocrx_word' id='word_1_263' title='bbox 767 1657 944 1688; x_wconf 83' lang='lat' dir='ltr'>Ciceronem</span> <span class='ocrx_word' id='word_1_264' title='bbox 956 1668 966 1693; x_wconf 84' lang='grc'>;</span> 
     </span>
     <span class='ocr_line' id='line_1_38' title="bbox 81 1698 970 1742; baseline 0.001 -13"><span class='ocrx_word' id='word_1_265' title='bbox 81 1698 160 1729; x_wconf 83' lang='lat' dir='ltr'>alius</span> <span class='ocrx_word' id='word_1_266' title='bbox 184 1699 300 1731; x_wconf 82' lang='lat' dir='ltr'>Turius</span> <span class='ocrx_word' id='word_1_267' title='bbox 324 1700 406 1742; x_wconf 87' lang='lat' dir='ltr'>apud</span> <span class='ocrx_word' id='word_1_268' title='bbox 428 1700 538 1730; x_wconf 84' lang='lat' dir='ltr'>Horat.</span> <span class='ocrx_word' id='word_1_269' title='bbox 559 1700 621 1730; x_wconf 80' lang='lat' dir='ltr'>Sat.</span> <span class='ocrx_word' id='word_1_270' title='bbox 645 1698 691 1735; x_wconf 86' lang='lat' dir='ltr'>II,</span> <span class='ocrx_word' id='word_1_271' title='bbox 712 1702 738 1728; x_wconf 97' lang='lat' dir='ltr'>l.</span> <span class='ocrx_word' id='word_1_272' title='bbox 759 1702 808 1731; x_wconf 82' lang='lat'>49.</span> <span class='ocrx_word' id='word_1_273' title='bbox 834 1700 885 1731; x_wconf 89' lang='lat' dir='ltr'>ubi</span> <span class='ocrx_word' id='word_1_274' title='bbox 902 1700 970 1730; x_wconf 85' lang='lat' dir='ltr'>vide</span> 
     </span>
    </p>

    <p class='ocr_par' dir='ltr' id='par_1_11' title="bbox 126 1742 754 1783">
     <span class='ocr_line' id='line_1_39' title="bbox 126 1742 754 1783; baseline -0.002 -10"><span class='ocrx_word' id='word_1_275' title='bbox 126 1742 272 1783; x_wconf 83' lang='lat' dir='ltr'>(Clavis.)</span> <span class='ocrx_word' id='word_1_276' title='bbox 691 1745 710 1772; x_wconf 82' lang='lat'>2</span> <span class='ocrx_word' id='word_1_277' title='bbox 726 1752 754 1773; x_wconf 80' lang='grc' dir='ltr'>Μ</span> 
     </span>
    </p>
   </div>
  </div>
 </body>
</html>
