1137 1848
289 65 442 97 INDEX
468 65 757 98 HISTORICUS.
907 71 963 99 131

118 151 339 191 Amphilochus,
364 152 401 183 de
418 151 524 183 Divin.
542 151 569 191 Ι,
596 154 649 189 40,
665 152 856 193 Argivorum
872 164 925 185 rex
941 161 971 185 et

76 206 114 227 au
137 206 182 226 ur.

116 207 274 278 ffimphz'on,
291 238 329 269 ad
344 238 482 269 Herenn.
507 238 553 276 II,
571 240 625 276 27,
648 239 685 269 de
708 238 814 269 Divin.
840 238 886 276 II,
914 241 965 270 64.

74 281 162 312 Jovis
186 287 215 312 et
237 282 383 321 Antiopae
406 281 498 319 filius,
525 282 630 312 eodem
657 288 747 323 partu
772 292 842 312 cum
870 283 968 314 Zetho

76 325 183 355 editus.
208 324 299 365 Lyrae
316 330 406 355 cantu
421 334 526 355 muros
543 325 708 356 Thebanos
731 325 893 356 aedificasse
909 327 967 356 fer-

73 373 135 406 tur,
153 369 209 398 ἃς.

118 410 363 451 Amynomachus,
379 410 417 441 de
432 411 502 441 Fin.
519 410 567 447 II,
584 411 744 449 31,haeres
758 410 898 452 Epicuri.
915 411 963 442 Cf.

76 453 178 485 Lae'rt.
195 453 258 491 IX,
278 454 327 490 16,
347 454 396 488 17.

118 498 271 539 Amyntas,
287 497 354 526 Att.
372 495 454 533 XII,
472 498 503 533 9,
522 496 659 538 Philippi
682 496 760 537 regis
776 496 967 528 Macedoniae

76 547 170 582 pater.
200 539 350 580 Amyntae
367 540 447 570 filius
471 540 503 570 h.
519 540 540 570 1.
557 547 602 571 est
629 540 667 570 L.
684 540 822 570 Marcius
847 541 967 582 Philip-

94 595 138 615 us.

72 594 93 625 P
120 627 269 668 Amyntas,
284 625 384 656 Flacc.
401 627 455 663 30,
472 626 740 667 Apollonidjensis.

121 672 237 700 Anaces
254 679 305 699 seu
324 670 459 705 Anactes,
488 670 563 700 Nat.
588 669 629 699 D.
656 669 722 705 ΙΙΙ,
746 670 799 704 21,
826 670 915 700 «Iovis
939 676 968 700 et

76 713 264 753 Proserpinae
288 711 353 749 fflii,
377 711 532 750 Dioscuri,
555 713 774 754 Tritopatreus,
790 712 964 750 Eubuleus,

74 762 104 786 et
120 755 295 796 Dionysius.

119 799 306 833 Anacharsis,
322 797 457 838 Scythes.
474 798 568 829 Tusc.
582 799 626 836 V,
639 799 693 836 32,
710 799 775 838 ejus
789 811 943 839 αυταρκεια
956 810 964 829 :

76 842 202 883 epistola
217 841 255 872 ad
272 841 469 871 Hannonem.

119 885 281 916 Anacreon.
304 884 398 914 Tusc-
416 884 478 921 IV,
494 885 548 921 33,
562 886 626 924 ejus
641 884 740 925 poe'sis
755 890 818 914 tota
829 890 873 914 est
883 895 968 915 ama-

72 934 159 959 tona.

118 972 321 1011 Anaxagoras,
338 970 563 1007 Clazomenius,
583 970 734 1011 physicus.
757 970 795 999 de
816 969 873 1000 Or.
901 969 967 1008 III,

75 1014 128 1052 33,
146 1015 234 1044 Brut.
263 1016 312 1049 11,
339 1013 463 1043 Periclis
488 1019 662 1054 praeceptor.
688 1013 725 1043 de
749 1012 804 1043 Or.
830 1012 965 1051 III,15,

75 1059 170 1088 otium
203 1063 321 1087 secutus
348 1062 400 1086 est.
436 1056 464 1085 T
466 1057 562 1086 uscul.
594 1057 636 1092 V,
664 1057 717 1093 39,
748 1056 966 1095 patrimonium

76 1111 167 1131 suum
183 1100 327 1140 relinquit
343 1099 475 1129 discendi
491 1099 600 1129 studio.
624 1099 718 1135 Tusc,
737 1098 802 1135 III,
823 1100 872 1134 13,
890 1109 967 1139 quo-

75 1144 166 1175 modo
181 1149 310 1173 mortem
332 1142 387 1172 filii
403 1142 515 1172 tulerit.
539 1142 638 1172 Acad.
656 1142 717 1178 IV,
734 1143 787 1177 31,
804 1142 906 1172 nivem
922 1143 966 1173 al-

75 1188 147 1217 bam
178 1196 239 1216 esse
265 1190 367 1225 negat,
394 1185 466 1225 quia
489 1196 569 1226 aqua
594 1185 693 1226 nigra,
725 1185 805 1215 unde
831 1191 968 1215 concreta

74 1236 159 1260 esset.
198 1228 293 1258 Acad.
321 1228 381 1264 IV,
406 1228 459 1263 37,
487 1227 731 1258 Homoeomeriae.
771 1228 884 1258 Contra
912 1228 967 1258 has

74 1273 191 1314 egregie
205 1272 339 1312 disputat
355 1271 476 1301 Lucret.
500 1271 571 1301 Lib.
594 1271 715 1301 I.-De
739 1271 783 1301 N.
806 1270 847 1300 D.
865 1270 892 1307 I,
913 1271 963 1308 11,

70 1316 188 1356 primus
204 1314 357 1344 mundum
372 1314 483 1344 mentis
498 1314 625 1344 infinitae
644 1314 674 1344 vi
691 1314 883 1354 designatum
900 1324 964 1344 esse

74 1358 154 1389 dicit.
189 1356 226 1387 In
251 1368 311 1398 quo
336 1357 410 1397 quid
435 1356 645 1387 desideraverit
661 1357 808 1393 Socrates,
825 1363 854 1386 et
866 1357 965 1387 multa

72 1402 133 1432 alia
148 1401 240 1441 digna
254 1400 344 1437 lectu,
362 1400 399 1430 de
421 1400 622 1440 Anaxagora,
639 1399 700 1429 vid.
717 1410 766 1440 ap.
782 1399 914 1430 Baelium
931 1400 962 1429 in

73 1444 177 1475 Lexic.
199 1454 227 1473 v.
244 1444 421 1483 Anamgnre.
452 1443 551 1473 Acad.
576 1444 604 1478 Ι,
625 1443 675 1479 13,
697 1442 855 1472 confitetur
877 1442 964 1482 igno-

71 1487 213 1523 rantiam,
234 1491 269 1516 ut
292 1486 436 1516 Socrates.
454 1485 546 1516 Tusc.
564 1486 594 1523 Ι,
611 1486 665 1522 43,
685 1485 847 1526 Lampsaci
870 1485 964 1515 mori-

69 1536 129 1560 tur.

110 1571 315 1608 Anamrchus,
326 1571 557 1601 Democriticus.
575 1571 668 1601 Tusc.
686 1571 734 1607 II,
745 1572 798 1607 21,
812 1571 958 1601 fortitudo

69 1615 101 1646 in
115 1614 269 1645 subeunda
286 1620 383 1644 morte
397 1624 415 1644 a
430 1614 639 1645 Nicocreonte,
661 1614 823 1650 Abderita,
841 1614 959 1644 Demo-

70 1658 201 1689 criticus.
224 1657 320 1698 Apud
334 1657 550 1687 Alexandrum
573 1657 622 1687 M.
645 1657 794 1698 gratiosus
814 1657 884 1693 fuit,
909 1667 963 1686 cu-

64 1701 116 1740 jus
132 1710 244 1731 mensae
259 1710 329 1731 cum
354 1705 430 1731 esset
452 1700 515 1731 una
539 1710 608 1731 cum
632 1700 843 1738 Nicocreonte,
861 1699 958 1740 Cypri
