1137 1848
238 40 390 72 INDEX
414 40 783 73 GEOGRAPHICUS.
915 44 956 73 59

106 126 276 158 Adrianum
295 137 385 165 mare,
401 127 440 158 ad
455 127 523 158 Att.
537 127 582 165 X,
600 128 632 166 7,
661 127 743 168 quod
759 128 850 168 vulgo
866 128 955 157 Adri-

64 170 172 200 aticum
188 169 306 201 dicitur.
330 170 380 201 Sic
392 171 483 201 etiam
495 171 605 202 dicitur
615 171 648 202 in
661 170 816 208 Pisonem,
834 177 863 201 et
872 171 955 212 apud

67 213 241 243 Horatium.

106 257 323 293 Adramitenns,
337 255 394 286 Or.
411 267 441 297 p.
452 257 551 288 Flacc.
572 258 621 294 13,
643 257 668 287 si
683 266 752 287 vera
766 256 854 287 lectio
867 263 952 294 essct,

61 306 136 330 esset
153 300 192 329 ab
207 299 388 335 Adramitis,
410 306 495 340 parte
510 301 698 336 Sabaeorum,
718 299 749 329 in
762 299 879 330 Arabia
896 300 954 329 Fe-

62 342 124 372 lici.
148 342 219 373 Vid.
242 343 385 373 Bochart.
411 343 450 373 G.
473 344 504 373 S.
523 343 558 373 P.
584 345 610 373 1.
626 342 680 372 lib.
703 342 751 380 ΙΙ,
771 353 795 372 c.
816 343 865 372 13.
894 342 954 373 Sed

58 394 119 414 non
141 391 185 416 est
199 385 342 423 dubium,
355 385 441 427 quin,
458 386 630 417 auctoribus
645 385 739 416 doctis
753 385 834 423 viris,
850 386 954 426 legen-

60 427 136 458 dum
152 428 191 458 sit

104 472 345 510 Adramyttenus,
375 473 413 502 ab
442 471 657 525 Adramytteo,
689 482 711 502 s.
739 471 951 512 Adramyttio,

58 514 154 545 nobili
170 514 282 555 Mysiae
296 517 371 546 urbe
390 515 420 545 in
437 515 591 545 maritima
607 526 666 545 ora.

106 559 314 595 Adrumetum,
333 569 387 606 pre
404 559 504 588 Flacc.
518 558 666 599 oppidum
676 557 792 589 Africae
807 557 949 598 propriae,

59 600 227 642 Byzacenae
241 601 403 642 provincia>
414 607 514 642 caput.
538 601 597 631 Sed
607 611 668 631 non
679 607 723 632 est
731 601 948 638 dubitandum,

60 643 147 684 quin,
177 654 247 674 cum
271 644 403 680 Graevio,
428 644 633 685 recipiendum
656 644 706 681 sit,
730 654 746 674 e
769 643 948 678 Camerarii,

59 686 176 724 Ursini,
194 687 289 727 Sylvii
304 687 486 727 conjectura,
505 688 736 728 Adramyttium.
765 686 851 736 Quid
868 686 935 716 eni1
928 696 949 716 1

59 731 261 759 Adrumetum
275 730 391 761 Africae
410 730 449 760 ad
472 737 631 771 praetorem
646 730 738 767 Asiae‚
763 731 888 770 ejusque
904 729 950 759 le-

58 778 166 813 gatum
178 772 192 801 ’Β
215 772 378 811 Caeterum,
394 773 427 803 in
442 773 565 803 nomine
579 774 761 813 Adramyttii
775 774 818 802 ita
829 772 946 802 variant

57 822 170 846 veteres
191 815 272 850 libri,
288 821 324 846 ut
343 826 404 846 non
426 816 551 853 mirum,
568 816 594 846 si
615 816 792 854 hujusmodi
815 825 895 845 error
916 815 948 844 in

57 859 232 888 Ciceronem
248 859 374 899 irrepsit.
398 859 439 889 V.
456 859 574 889 Duker.
597 859 637 888 ad
652 859 794 899 Thucyd.
809 858 852 896 V,
872 859 900 896 l,
917 864 947 888 et

57 901 241 942 Wesseling.
255 902 294 931 ad
309 902 425 931 Antcn.
444 900 515 931 Itin.
532 912 562 942 p.
579 902 654 931 335.

100 944 205 981 AEdw‘,
221 945 328 985 populi
338 944 370 974 in
387 943 489 974 Gallia
505 944 717 984 Lugdunensi.

100 989 242 1019 AEgaeum
264 998 355 1024 mare,
378 987 456 1018 inter
478 987 588 1017 Asiam
612 994 641 1017 et
662 987 842 1028 Europam,
874 987 946 1018 hinc

56 1030 207 1060 Graeciam
223 1030 510 1071 Macedoniamque,
526 1030 610 1060 illinc
626 1030 749 1060 Cariam
764 1035 794 1060 et
810 1030 942 1068 Iiiniam,

56 1073 182 1104 alluens.
657 1105 667 1109 ,

95 1117 219 1156 AEgina,
231 1116 331 1146 insula
344 1116 376 1146 in
392 1116 460 1146 sinu
476 1115 628 1153 Saronico,
645 1115 722 1146 inter
732 1115 846 1146 insulas
857 1116 944 1146 Grae-

52 1160 105 1192 ciae
119 1158 262 1197 minores,
279 1159 356 1190 circa
372 1159 627 1199 Peloponnesum.

96 1203 259 1242 AEgineccs‘,
285 1202 322 1233 de
345 1202 434 1234 Offic.
459 1201 526 1238 III,
553 1203 602 1239 ll,
626 1202 732 1232 incolae
754 1202 862 1232 insulae
884 1202 942 1232 ΣΕ-

73 1247 140 1277 inae.

52 1258 72 1288 g
96 1287 232 1325 AEmilia,
249 1288 287 1318 ad
307 1287 380 1318 Div.
397 1288 441 1325 X,
458 1288 513 1325 30,
534 1288 583 1318 via
597 1287 627 1317 in
646 1287 748 1318 Gaui,
769 1287 820 1318 Cis
822 1287 942 1328 padana

53 1344 72 1364 a
83 1330 238 1362 Placentia
253 1331 291 1362 ad
303 1331 495 1369 Ariminum,
511 1331 554 1361 ita
568 1330 659 1369 dicta,
670 1331 743 1371 quia
757 1332 796 1361 ab
811 1330 940 1361 AEmilio

53 1374 171 1417 Lepido
186 1380 279 1405 strata
293 1379 346 1404 est.

95 1418 239 1455 AEnaria,
255 1418 294 1447 ad
315 1416 380 1447 Att.
401 1416 445 1452 X,
465 1417 515 1453 13,
536 1417 635 1446 insula
656 1416 793 1457 opposita
808 1415 941 1456 Campa-

51 1462 120 1496 niae,
136 1470 205 1502 quae
219 1466 248 1491 et
265 1460 420 1490 Pithecusa
435 1438 554 1489 dicitilr.
569 1460 712 1490 Bochart.
731 1460 769 1489 G.
786 1460 818 1490 S.
835 1460 871 1489 P.
890 1458 937 1497 ΙΙ,

48 1505 102 1536 111).
121 1503 148 1542 I,
172 1514 197 1535 c.
212 1504 267 1540 33,
286 1503 404 1533 mavult
421 1502 533 1531 Enarm
550 1502 639 1532 scribi
660 1504 698 1532 ab
713 1502 884 1539 enm-ibus,
876 1513 896 1532 1.
913 1513 939 1532 e.

50 1548 145 1578 simiis
158 1559 167 1583 ;
184 1547 308 1589 quod-et
324 1545 472 1576 Salmasio
482 1545 630 1585 placebat,
642 1545 819 1586 reprehenso
829 1556 847 1575 a
859 1545 938 1575 Vos-

50 1591 93 1621 sio
108 1591 147 1621 ad
162 1591 294 1626 Melam,
311 1600 340 1630 p.
363 1589 437 1624 519,
458 1588 511 1627 qui
533 1598 551 1618 a
568 1588 678 1618 fodinis
698 1588 809 1618 aerariis
824 1588 938 1618 dictam

50 1639 148 1674 putat.
176 1633 307 1667 Plinius,
332 1631 375 1661 H.
398 1631 441 1661 N.
467 1629 532 1667 ΙΙΙ,
557 1633 588 1669 6,
612 1642 630 1661 a
651 1631 763 1671 figlinis
786 1631 937 1661 doliorum

51 1676 243 1707 Pithecusam
258 1675 370 1705 dictam
385 1679 483 1714 putat.

91 1722 205 1756 AEnus,
222 1729 259 1750 ex
275 1717 392 1749 emend.
407 1716 555 1753 Turnebi,
567 1716 698 1747 Advers.
715 1716 793 1751 XX,
811 1718 863 1753 28,
880 1727 936 1757 pro
