1122 1868
126 47 190 84 276
363 46 510 79 INDEX
533 47 566 78 H
570 45 818 79 ISTORICUS.

125 139 230 168 ratur:
255 143 346 174 quem
362 133 512 164 Asconius
527 139 667 174 paratum
682 133 896 174 eruditumque
912 139 1007 165 vocat.

125 176 185 206 Sed
199 176 377 214 Crevierius,
389 176 427 206 ad
438 176 572 206 Freinsh.
587 177 694 217 Suppl.
711 177 779 207 Liv.
795 177 871 214 CII,
887 180 933 207 19.
946 187 1009 207 cor-

125 219 196 258 rigit
212 220 375 249 Lucceius:
400 225 429 249 et
452 219 593 259 intelligit
613 230 694 255 eum,
711 219 750 249 ad
775 230 866 260 quem
882 226 924 250 est
939 219 1010 260 pul-

122 261 193 292 chra
211 262 263 292 illa
281 262 430 292 Ciceronis
460 262 592 302 epistola.
618 262 713 299 Nam,
737 266 766 299 1)
791 268 943 292 aecusator
957 262 1009 292 ille

124 304 183 334 fuit
195 305 340 341 eruditus,
358 309 391 342 2)
416 305 507 345 paulo
529 310 596 344 post
611 304 722 335 frustra
745 305 935 335 consulatum
955 315 1008 345 pe-

124 346 192 383 tiit;
221 358 289 388 quae
319 349 394 377 bene
420 348 602 377 conveniunt
632 347 770 377 Lucceio.
793 347 829 386 3)
855 347 1007 378 Asconius

125 390 216 429 paulo
229 395 296 430 post
306 396 522 420 commemorat
539 390 659 420 Lucceii
675 390 839 420 orationem
852 390 883 419 in
900 389 1009 421 Catili-

125 441 207 462 nam.
234 434 341 473 Itaque
356 433 442 463 valde
458 434 551 473 probo
565 432 707 462 Crevierii
723 432 944 463 correctionem.

167 476 205 505 L.
235 475 394 511 Lucullus,
425 486 440 505 e
468 475 592 505 Liciniis
612 475 746 515 plebeiis.
777 476 866 505 Brut.
886 478 937 505 21.
963 475 1007 505 A.

124 516 274 548 Postumii
290 518 396 548 Albini
408 518 521 557 collega
530 518 561 546 in
578 517 746 556 consulatu,
758 517 801 547 A.
816 519 888 548 602.
909 518 1008 549 Acad.

126 559 186 597 IV,
203 562 254 590 45.
279 561 316 590 L.
336 560 458 590 Luculli
473 570 557 589 avus.

167 604 205 633 L.
225 604 384 639 Lucullus,
402 602 440 631 L.
458 602 493 631 F.
511 601 547 631 L.
563 602 605 632 N.
620 601 682 633 Off.
698 601 743 640 ῙΙ,
764 604 812 632 16.
836 602 930 633 Acad.
944 603 1005 642 IV,

127 650 154 676 1.
169 646 329 676 ulciscendi
340 645 429 676 causa
439 645 589 675 accusavit
604 645 765 676 Servilium
780 655 938 686 augurem,
955 647 1009 687 qui

121 695 238 729 patrem
254 689 290 718 de
305 689 446 728 peculatu
469 698 555 717 reum
572 687 691 725 fecerat,
709 688 792 718 Plut.
808 699 839 729 p.
862 689 934 719 491.
958 690 1007 720 De

123 733 188 769 ejus
204 732 344 761 laudibus
369 736 397 760 et
423 732 511 760 rebus
535 731 635 770 gestis,
657 731 723 770 lege
742 730 892 771 imprimis
907 730 1004 762 Acad-

124 773 184 811 IV,
206 778 230 804 l.
247 785 313 814 sqq.
327 773 399 803 ibid.
425 773 613 803 Antiochum
635 773 851 814 philosophum
876 780 1007 814 quaestor

120 827 223 847 secum
246 816 364 853 habuit,
382 821 411 846 et
426 816 597 856 imperator.
622 815 686 846 Off.
703 815 749 853 ΙΙ,
771 817 817 847 16.
843 817 1006 857 magnifica

120 860 262 890 aedilitate
277 870 347 890 cum
360 858 450 889 fratre
461 859 581 889 functus
594 864 647 889 est.
671 858 791 889 Cluent.
805 860 855 890 49.
871 870 908 890 ex
921 859 1005 891 SCto

119 902 275 932 ferendam
290 903 400 942 legem,
418 901 441 931 si
454 901 507 942 qui
519 908 626 938 essent,
640 912 771 942 quorum
786 902 876 942 opera
891 902 1005 933 facturn

117 951 202 979 esset,
221 951 255 975 ut
267 944 417 984 judicium
433 944 455 974 J
459 944 606 974 unianum
619 951 870 985 corrumperetur,
888 955 947 975 non
958 951 1008 975 tu-

121 988 166 1017 lit.
184 988 266 1018 Sext.
285 989 336 1022 27.
360 986 397 1016 L.
415 986 525 1016 Manil.
544 990 573 1018 8.
590 987 714 1017 Muren.
734 991 781 1019 15.
803 998 850 1018 res
875 987 907 1017 in
930 988 1010 1018 Asia

119 1036 210 1070 gestae
226 1037 294 1071 post
309 1030 511 1065 consulatum,
528 1030 570 1059 A.
589 1031 661 1065 679.
684 1031 774 1060 Brut.
791 1031 841 1060 62.
857 1041 875 1060 a
896 1030 1007 1061 forensi

121 1073 295 1114 eloquentia
310 1073 434 1103 alienus.
470 1072 537 1102 Fin.
556 1071 620 1109 ΙΙΙ,
644 1075 673 1102 2.
698 1073 889 1111 bibliotheca,
913 1083 1007 1113 quam

119 1115 182 1145 filio
197 1116 328 1156 reliquit.
353 1115 428 1155 Leg.
440 1113 504 1151 ΙΙΙ,
525 1118 573 1146 13.
587 1115 739 1156 quomodo
751 1115 1007 1155 magnificentiam

119 1158 199 1189 villae
223 1158 397 1189 defenderit.
421 1158 489 1187 Att.
508 1156 534 1196 I,
551 1159 600 1188 19.
620 1158 776 1188 historiam
793 1158 897 1188 Graece
915 1158 1008 1198 scrip-

120 1200 177 1231 sit:
202 1201 318 1231 dictum
334 1200 459 1230 Luculli
480 1200 517 1230 de
541 1201 598 1230 hoc
612 1200 699 1230 libro.
734 1199 954 1241 Intelligendus
969 1201 1007 1231 li-

117 1244 170 1273 ber
186 1243 223 1273 de
242 1244 323 1274 bello
339 1243 482 1278 Marsico,
501 1243 606 1273 Graece
627 1243 765 1284 scriptus,
783 1244 869 1282 cujus
893 1244 1009 1274 mentio

117 1296 166 1326 ap.
184 1287 266 1316 Plut.
282 1286 314 1316 in
328 1285 449 1315 Lucull.
474 1284 581 1326 Inepte
594 1286 724 1316 Ursinus
739 1286 777 1315 de
793 1286 924 1316 Lucullo
936 1296 1004 1324 avo,

117 1339 140 1358 s.
157 1329 256 1368 potius
269 1329 306 1359 de
324 1330 388 1367 ejus
401 1328 515 1368 collega
530 1328 658 1365 Albino,
675 1328 824 1368 intelligit.
850 1329 932 1358 Nam
950 1328 1004 1359 Ci-

117 1380 194 1408 cero,
227 1372 406 1408 Lucullum,
434 1371 515 1411 quod
536 1371 578 1401 ibi
599 1378 653 1407 est,
679 1371 784 1401 Attico
807 1371 928 1408 dixisse,
950 1371 1003 1401 ait.

118 1412 205 1443 Verr.
222 1414 265 1452 V,
279 1415 329 1444 66.
343 1424 467 1444 uxorem
492 1413 599 1444 habuit
615 1413 735 1443 Metelli
751 1413 908 1444 Numidici
923 1424 1006 1444 soro-

120 1465 194 1486 rem.

162 1499 310 1529 Lucullus
325 1499 415 1529 filius.
442 1498 510 1528 Fin.
528 1498 595 1535 III,
613 1502 642 1528 2.
668 1499 733 1537 ejus
752 1504 834 1529 tutor
849 1498 897 1528 M.
914 1498 1001 1530 Cato.

118 1540 182 1581 (Cf.
197 1541 287 1571 Varr.
304 1543 344 1571 R.
358 1543 396 1572 R.
407 1540 472 1579 III,
490 1545 518 1571 2.
534 1541 598 1580 17.)
616 1541 700 1571 Phil.
711 1542 755 1579 X,
772 1542 801 1571 4.
818 1541 886 1571 Att.
900 1541 1000 1580 XIII,

117 1584 146 1612 6.
171 1583 293 1619 Nescio,
310 1594 348 1614 an
373 1584 422 1614 hic
446 1590 490 1614 est
516 1583 573 1614 Cn.
592 1584 754 1623 Lucullus,
780 1584 818 1614 de
841 1594 901 1625 quo
921 1591 1003 1615 ame.

118 1625 167 1656 Ita
182 1627 349 1666 suspicatur
366 1625 527 1657 Corradus.

160 1670 208 1698 Μ.
225 1669 383 1707 Lucullus,
408 1669 445 1698 L.
462 1670 504 1699 fil.
522 1668 560 1699 L.
578 1669 619 1699 N.
644 1669 682 1699 de
702 1668 765 1700 Off.
783 1668 829 1707 II,
845 1672 893 1699 16.
909 1669 1000 1700 ulcis-

116 1711 200 1741 cendi
228 1711 318 1742 causa
347 1711 508 1751 accusavit,
534 1718 563 1743 et
587 1711 728 1743 aedilitate
749 1711 911 1753 magnifica
929 1722 1000 1743 cum
