1122 1868
150 90 215 121 200
367 88 518 119 INDEX
545 87 834 120 HISTORICUS.

154 175 216 212 IV,
240 175 292 206 44.
316 174 411 205 Tusc.
427 174 455 213 Ι,
482 178 533 206 48.
558 177 581 193 “
596 172 793 205 Consolatio”
817 174 882 213 ejus
905 178 949 204 est
966 173 1042 205 liber

154 219 191 249 de
208 218 322 255 Luem,
339 218 393 259 qui
407 218 560 248 laudatur.
585 216 636 248 Cf.
653 216 720 247 Att.
737 215 823 255 XII,
840 218 892 247 ⁶21.

199 262 365 300 Crassipes,
389 261 427 290 ad
452 261 523 290 Div.
545 261 572 297 Ι,
600 261 629 295 7.
652 262 722 290 Att.
747 259 808 296 IV,
837 262 866 290 5.
892 259 1045 291 Ciceronis

155 304 252 334 filiam
268 304 360 334 ducit.
384 304 431 334 Cf.
449 304 512 341 Qu.
530 304 581 333 Fr.
599 303 647 341 ΙΙ,
662 305 692 333 5.
708 304 737 333 6.
754 302 793 332 ad
808 302 881 333 Div.
897 301 998 339 XIII,
1013 304 1044 333 9.

156 347 312 387 Bithyniae
323 353 464 388 quaestor.
476 348 545 376 Att.
560 345 622 383 IX,
640 350 649 376 l
662 350 686 376 l.
712 344 911 376 Caesarianus.
930 344 1047 376 Crassi-

157 401 211 431 pes
228 396 271 420 est
286 399 451 430 cognomen
462 390 559 429 gentis
572 389 682 419 Furiae.
707 389 756 418 M.
770 389 882 419 Furius
893 387 1048 429 Crassipes

157 439 266 473 praetor
297 439 341 462 est
369 443 417 472 ap.
443 432 513 462 Liv.
538 432 741 468 XXXVIII,
766 435 818 462 42.
850 433 931 462 Sca:
966 430 1049 472 quod

158 476 250 506 etiam
265 475 352 505 docet
367 475 492 505 Manut.
508 475 546 505 ad
564 473 628 505 Cic.
642 474 681 504 ad
696 474 768 504 Div.
790 475 818 512 Ι,
835 475 864 509 7.
877 474 931 505 ubi
946 480 1049 514 negat,

158 529 189 548 se
213 528 388 558 praenomen
414 518 508 557 hujus
539 516 725 558 Crassipedis
751 517 879 557 reperire
905 517 1046 557 potuisse.

158 560 320 601 Desponsa
347 561 373 591 ei
400 566 444 591 est
464 560 571 590 Tullia
590 566 660 590 ante
683 559 898 600 profectionem
919 560 951 589 in
973 558 1051 590 Cili-

158 604 249 639 ciam,
274 603 325 634 sed
341 603 464 633 dimissa
475 613 559 633 mox.
578 601 685 634 Cicero
697 609 798 632 tamen
815 612 886 633 cum
901 613 935 632 eo
946 609 1051 642 postea

159 647 324 676 amicitiam
341 646 466 676 coluisse
481 646 610 676 videtur.
632 645 675 675 V.
694 645 852 676 Tunstalli
866 645 996 686 EpistoL
1012 645 1052 676 ad

159 689 344 719 Middleton.
365 700 395 730 p.
416 689 485 723 187.
505 689 575 718 188.

207 732 377 769 Crassicius,
400 731 482 761 Phil.
497 730 597 769 XIII,
615 734 645 761 2.

202 775 242 804 L.
262 775 403 804 Licinius
419 773 552 812 Crassus,
575 774 614 804 ad
630 774 706 804 Her.
724 772 784 812 IV,
801 777 832 804 2.
848 777 878 804 3.
901 772 958 805 Or.
976 772 1004 811 Ι,
1020 774 1052 810 7.

161 818 242 848 Rab.
268 818 298 852 7.
323 817 444 848 Orator.
468 818 535 847 Inv.
557 818 605 855 II,
631 818 682 852 37.
707 817 769 848 Pis.
791 818 844 848 26.
865 817 1014 857 triumphi
1035 828 1053 848 e

162 860 265 890 Gauii.
280 860 371 890 nimis
394 860 534 901 cupidus.
556 860 613 891 Or.
630 859 695 899 ΙΙΙ,
716 864 764 891 12.
784 870 884 891 socrus
899 861 964 898 ejus
983 860 1055 893 Laev

161 902 212 933 lia.
237 902 292 933 Or.
310 903 358 941 ΙΙ,
384 903 410 932 l.
427 904 594 944 putabatur
609 913 670 934 non
693 909 801 944 praeter
820 903 944 944 puerilis
959 903 1054 934 aetatis

162 945 292 976 modum
307 946 422 976 doctus.
445 946 501 976 Bt.
519 946 570 981 37.
586 957 630 987 sq.
647 947 746 987 qualis
757 951 864 976 orator.
885 945 973 975 Verr.
991 945 1052 985 IV,

167 992 193 1018 l.
211 998 283 1018 eum
298 988 439 1029 poenituit
456 987 493 1020 C.
512 987 686 1020 Carbonem
701 989 734 1019 in
757 989 910 1028 judicium
925 989 1055 1020 vocasse.

165 1031 256 1061 Font.
274 1032 304 1066 7.
329 1032 395 1071 ejus
410 1032 617 1062 testimonium
632 1032 664 1062 in
680 1032 729 1062 M.
746 1032 930 1062 Marcellum
945 1031 990 1061 nil
1004 1042 1057 1061 va-

167 1074 219 1104 let.
244 1074 339 1104 Dom.
365 1075 414 1105 19.
437 1074 475 1105 de
489 1075 629 1115 pluribus
647 1076 738 1105 rebus
757 1074 850 1105 simul
870 1074 947 1104 ferre
964 1084 1057 1105 ausus

167 1122 222 1154 est,
239 1123 343 1147 contra
357 1117 458 1157 legem
474 1117 601 1147 Didiam
616 1124 645 1148 et
662 1116 827 1149 Caeciliam.
850 1117 889 1147 ad
904 1117 977 1147 Div.
993 1117 1056 1155 IX,

164 1162 217 1190 21.
240 1166 359 1190 accusat
385 1159 422 1190 C.
447 1158 619 1191 Carbonem
640 1171 722 1198 eum,
744 1160 798 1201 qui
823 1160 970 1191 Africano
993 1160 1057 1190 vim

165 1202 302 1232 attulisse
323 1202 514 1233 existimatus
537 1210 589 1233 est.
614 1203 678 1234 Off.
701 1203 730 1242 Ι,
754 1204 806 1233 30.
833 1203 864 1232 in
885 1213 920 1234 eo
942 1203 1059 1233 multus

165 1245 250 1285 lepos
266 1251 337 1275 erat.
361 1244 391 1283 Ι,
408 1246 460 1281 37.
477 1245 596 1276 uberior
617 1247 682 1285 ejus
704 1246 810 1283 oratio,
827 1255 881 1276 nec
895 1245 998 1275 minus
1011 1245 1058 1276 fa-

166 1295 241 1318 ceta.
264 1286 311 1325 ΙΙ,
340 1288 388 1318 13.
409 1289 457 1318 14.
478 1288 650 1319 maximam
673 1289 730 1319 sibi
744 1288 861 1330 peperit
875 1288 1003 1329 gloriam
1018 1298 1057 1318 ex

166 1330 220 1360 illa
235 1331 423 1361 accusatione
440 1330 598 1362 Carbonis.
624 1331 672 1369 ΙΙ,
690 1333 738 1362 18.
751 1331 917 1362 orationem
930 1330 1058 1372 scripsit,

167 1373 197 1402 in
215 1373 276 1413 quis⁴
290 1379 334 1403 est
348 1373 386 1403 de
407 1374 590 1404 redimendis
605 1375 729 1415 captivis
744 1381 774 1405 et
791 1374 828 1405 de
842 1373 1060 1415 locupletandis

168 1416 367 1446 tenuioribus.
389 1416 457 1454 ΙΙΙ,
478 1417 526 1447 11.
544 1416 644 1457 legem
664 1418 746 1455 tulit,
762 1427 800 1448 ne
824 1423 898 1448 esset
913 1426 968 1458 pro
983 1416 1058 1453 cive,

168 1458 222 1498 qui
238 1459 310 1488 civis
325 1468 386 1488 non
401 1459 448 1489 sit,
470 1459 527 1490 Or.
542 1458 569 1496 Ι,
591 1461 643 1489 55.
662 1461 713 1499 jus
734 1460 820 1491 civile
840 1459 991 1490 didicerat.
1009 1458 1058 1496 II,

169 1502 221 1530 55.
245 1500 294 1530 Μ.
311 1501 447 1532 Brutum
469 1501 631 1532 ulciscitur.
648 1504 699 1533 56.
722 1503 816 1533 oratio
830 1508 933 1533 contra
949 1500 1061 1533 Cethe-

169 1553 258 1582 gum,
281 1543 313 1572 in
328 1545 454 1574 censur'ssa
469 1544 560 1582 dieta,
576 1545 728 1576 laudatur.
751 1544 817 1583 ΙΙΙ,
845 1548 872 1575 l.
888 1546 953 1584 ejus
968 1554 1060 1575 mors.

170 1586 244 1616 ibid.
261 1586 411 1617 contentio
426 1588 490 1626 ejus
511 1597 582 1618 cum
604 1587 743 1619 Domitio
764 1589 797 1618 in
814 1588 940 1619 censure
951 1599 960 1617 ι
984 1587 1059 1617 item

172 1638 244 1658 cum
259 1628 414 1669 Philippo.
436 1629 526 1660 Offic.
543 1629 590 1668 ΙΙ,
612 1632 659 1662 16.
674 1629 973 1672 magnificentissime
988 1629 1062 1660 aedi-

170 1670 255 1701 litate
270 1681 341 1701 cum
357 1672 397 1709 Q.
422 1672 529 1702 Mucio
544 1673 667 1704 functus
681 1680 734 1704 est.
758 1674 853 1704 Hunc
869 1673 1012 1704 Mucium
1027 1673 1061 1703 in

173 1714 316 1744 omnibus
338 1714 490 1745 honorum
509 1716 653 1754 gradibus
668 1716 814 1757 collegam
828 1716 936 1748 habuit
954 1721 1062 1758 praeter

172 1766 340 1796 censuram,
357 1764 477 1789 auctore
493 1756 638 1790 Cicerone
652 1759 684 1791 in
699 1759 809 1791 Bruto.
