<?xml version="1.0" encoding="UTF-8"?>
<!DOCTYPE html PUBLIC "-//W3C//DTD XHTML 1.0 Transitional//EN"
    "http://www.w3.org/TR/xhtml1/DTD/xhtml1-transitional.dtd">
<html xmlns="http://www.w3.org/1999/xhtml" xml:lang="en" lang="en">
 <head>
  <title>
</title>
<meta http-equiv="Content-Type" content="text/html;charset=utf-8" />
  <meta name='ocr-system' content='tesseract 3.04.00' />
  <meta name='ocr-capabilities' content='ocr_page ocr_carea ocr_par ocr_line ocrx_word'/>
</head>
<body>
  <div class='ocr_page' id='page_1' title='image "./operaern12ciceuoft_0305.png"; bbox 0 0 1137 1848; ppageno 0'>
   <div class='ocr_carea' id='block_1_1' title="bbox 331 94 1005 131">
    <p class='ocr_par' dir='ltr' id='par_1_1' title="bbox 331 94 1005 131">
     <span class='ocr_line' id='line_1_1' title="bbox 331 94 1005 131; baseline 0.004 -3"><span class='ocrx_word' id='word_1_1' title='bbox 331 95 481 128; x_wconf 88' lang='lat' dir='ltr'>INDEX</span> <span class='ocrx_word' id='word_1_2' title='bbox 505 94 789 129; x_wconf 84' lang='lat' dir='ltr'>HISTORICUS.</span> <span class='ocrx_word' id='word_1_3' title='bbox 943 101 1005 131; x_wconf 74' lang='lat'><strong>293</strong></span> 
     </span>
    </p>
   </div>
   <div class='ocr_carea' id='block_1_2' title="bbox 91 180 1000 1767">
    <p class='ocr_par' dir='ltr' id='par_1_2' title="bbox 110 180 1000 264">
     <span class='ocr_line' id='line_1_2' title="bbox 110 180 1000 224; baseline 0.008 -13"><span class='ocrx_word' id='word_1_4' title='bbox 110 180 197 212; x_wconf 85' lang='lat' dir='ltr'><strong>donis</strong></span> <span class='ocrx_word' id='word_1_5' title='bbox 212 180 389 222; x_wconf 83' lang='lat' dir='ltr'><strong>discipulus,</strong></span> <span class='ocrx_word' id='word_1_6' title='bbox 404 182 537 213; x_wconf 84' lang='lat' dir='ltr'><strong>Eliacus.</strong></span> <span class='ocrx_word' id='word_1_7' title='bbox 555 182 604 212; x_wconf 88' lang='lat' dir='ltr'><strong>De</strong></span> <span class='ocrx_word' id='word_1_8' title='bbox 619 192 654 213; x_wconf 87' lang='lat' dir='ltr'><strong>eo</strong></span> <span class='ocrx_word' id='word_1_9' title='bbox 670 182 729 213; x_wconf 84' lang='lat' dir='ltr'><strong>vid.</strong></span> <span class='ocrx_word' id='word_1_10' title='bbox 752 183 855 215; x_wconf 56' lang='lat' dir='ltr'><strong>Laert.</strong></span> <span class='ocrx_word' id='word_1_11' title='bbox 867 185 914 224; x_wconf 89' lang='grc' dir='ltr'><strong>ΙΙ,</strong></span> <span class='ocrx_word' id='word_1_12' title='bbox 930 189 1000 218; x_wconf 68' lang='lat'><strong>125.</strong></span> 
     </span>
     <span class='ocr_line' id='line_1_3' title="bbox 112 234 178 264; baseline 0.015 -11"><span class='ocrx_word' id='word_1_13' title='bbox 112 234 178 264; x_wconf 93' lang='lat' dir='ltr'><strong>sqq.</strong></span> 
     </span>
    </p>

    <p class='ocr_par' dir='ltr' id='par_1_3' title="bbox 103 267 994 348">
     <span class='ocr_line' id='line_1_4' title="bbox 148 267 994 309; baseline 0.002 -12"><span class='ocrx_word' id='word_1_14' title='bbox 148 268 364 304; x_wconf 66' lang='lat' dir='ltr'><strong>Alenedemus,</strong></span> <span class='ocrx_word' id='word_1_15' title='bbox 381 267 436 298; x_wconf 91' lang='lat' dir='ltr'><strong>Or.</strong></span> <span class='ocrx_word' id='word_1_16' title='bbox 451 268 481 306; x_wconf 89' lang='lat' dir='ltr'><strong>I,</strong></span> <span class='ocrx_word' id='word_1_17' title='bbox 500 268 549 297; x_wconf 87' lang='lat'><strong>18.</strong></span> <span class='ocrx_word' id='word_1_18' title='bbox 572 268 673 298; x_wconf 82' lang='lat' dir='ltr'>rhetor</span> <span class='ocrx_word' id='word_1_19' title='bbox 688 268 896 309; x_wconf 82' lang='lat' dir='ltr'><strong>Atheniensis,</strong></span> <span class='ocrx_word' id='word_1_20' title='bbox 915 277 994 302; x_wconf 76' lang='lat' dir='ltr'><strong>tcm-</strong></span> 
     </span>
     <span class='ocr_line' id='line_1_5' title="bbox 103 310 358 348; baseline 0.008 -10"><span class='ocrx_word' id='word_1_21' title='bbox 103 319 174 348; x_wconf 88' lang='lat' dir='ltr'><strong>pore</strong></span> <span class='ocrx_word' id='word_1_22' title='bbox 190 310 227 339; x_wconf 79' lang='lat' dir='ltr'><strong>L.</strong></span> <span class='ocrx_word' id='word_1_23' title='bbox 247 310 358 341; x_wconf 80' lang='lat' dir='ltr'>Crassi.</span> 
     </span>
    </p>

    <p class='ocr_par' dir='ltr' id='par_1_4' title="bbox 102 353 993 437">
     <span class='ocr_line' id='line_1_6' title="bbox 144 353 993 391; baseline 0 -9"><span class='ocrx_word' id='word_1_24' title='bbox 144 354 354 389; x_wconf 73' lang='lat' dir='ltr'><em>Menedemus,</em></span> <span class='ocrx_word' id='word_1_25' title='bbox 372 354 437 383; x_wconf 92' lang='lat' dir='ltr'><strong>Att.</strong></span> <span class='ocrx_word' id='word_1_26' title='bbox 450 353 526 390; x_wconf 80' lang='lat' dir='ltr'><strong>XV,</strong></span> <span class='ocrx_word' id='word_1_27' title='bbox 547 357 594 384; x_wconf 90' lang='grc'><strong>19.</strong></span> <span class='ocrx_word' id='word_1_28' title='bbox 614 353 698 383; x_wconf 83' lang='lat' dir='ltr'>Phil.</span> <span class='ocrx_word' id='word_1_29' title='bbox 720 353 819 391; x_wconf 85' lang='lat' dir='ltr'>XIII,</span> <span class='ocrx_word' id='word_1_30' title='bbox 838 359 884 386; x_wconf 85' lang='lat'><strong>15.</strong></span> <span class='ocrx_word' id='word_1_31' title='bbox 903 358 993 388; x_wconf 79' lang='lat' dir='ltr'><strong>Grae-</strong></span> 
     </span>
     <span class='ocr_line' id='line_1_7' title="bbox 102 395 915 437; baseline 0.006 -13"><span class='ocrx_word' id='word_1_32' title='bbox 102 395 200 431; x_wconf 81' lang='lat' dir='ltr'><strong>culus,</strong></span> <span class='ocrx_word' id='word_1_33' title='bbox 217 396 335 426; x_wconf 83' lang='lat' dir='ltr'><strong>civitate</strong></span> <span class='ocrx_word' id='word_1_34' title='bbox 350 396 490 433; x_wconf 84' lang='lat' dir='ltr'><strong>donatus,</strong></span> <span class='ocrx_word' id='word_1_35' title='bbox 507 403 536 426; x_wconf 88' lang='lat' dir='ltr'><strong>et</strong></span> <span class='ocrx_word' id='word_1_36' title='bbox 551 403 618 437; x_wconf 87' lang='lat' dir='ltr'><strong>post</strong></span> <span class='ocrx_word' id='word_1_37' title='bbox 633 396 727 427; x_wconf 86' lang='lat' dir='ltr'><strong>securi</strong></span> <span class='ocrx_word' id='word_1_38' title='bbox 746 408 915 437; x_wconf 77' lang='lat' dir='ltr'><strong>percussus.</strong></span> 
     </span>
    </p>

    <p class='ocr_par' dir='ltr' id='par_1_5' title="bbox 103 439 990 512">
     <span class='ocr_line' id='line_1_8' title="bbox 146 439 990 483; baseline 0.001 -15"><span class='ocrx_word' id='word_1_39' title='bbox 146 439 322 477; x_wconf 76' lang='lat' dir='ltr'><strong>Meneliius,</strong></span> <span class='ocrx_word' id='word_1_40' title='bbox 351 439 389 469; x_wconf 90' lang='lat' dir='ltr'><strong>ad</strong></span> <span class='ocrx_word' id='word_1_41' title='bbox 413 439 549 470; x_wconf 89' lang='lat' dir='ltr'><strong>Herenn.</strong></span> <span class='ocrx_word' id='word_1_42' title='bbox 575 439 643 478; x_wconf 82' lang='grc' dir='ltr'>ΙΙΙ,</span> <span class='ocrx_word' id='word_1_43' title='bbox 671 443 723 470; x_wconf 79' lang='lat'><strong>21.</strong></span> <span class='ocrx_word' id='word_1_44' title='bbox 749 441 806 470; x_wconf 65' lang='lat' dir='ltr'><strong>(Sec.</strong></span> <span class='ocrx_word' id='word_1_45' title='bbox 831 442 887 471; x_wconf 64' lang='grc' dir='ltr'><strong>ἃς.</strong></span> <span class='ocrx_word' id='word_1_46' title='bbox 904 443 990 483; x_wconf 85' lang='lat' dir='ltr'><strong>Aga-</strong></span> 
     </span>
     <span class='ocr_line' id='line_1_9' title="bbox 103 482 388 512; baseline 0.007 -2"><span class='ocrx_word' id='word_1_47' title='bbox 103 482 273 511; x_wconf 86' lang='lat' dir='ltr'><strong>memnonis</strong></span> <span class='ocrx_word' id='word_1_48' title='bbox 289 482 388 512; x_wconf 83' lang='lat' dir='ltr'><strong>frater.</strong></span> 
     </span>
    </p>

    <p class='ocr_par' dir='ltr' id='par_1_6' title="bbox 102 524 991 650">
     <span class='ocr_line' id='line_1_10' title="bbox 144 524 987 566; baseline 0.005 -12"><span class='ocrx_word' id='word_1_49' title='bbox 144 524 319 562; x_wconf 62' lang='lat' dir='ltr'><strong>Menelaus,</strong></span> <span class='ocrx_word' id='word_1_50' title='bbox 333 524 545 563; x_wconf 84' lang='lat' dir='ltr'><strong>Marathenus,</strong></span> <span class='ocrx_word' id='word_1_51' title='bbox 562 535 580 555; x_wconf 84' lang='lat' dir='ltr'><strong>a</strong></span> <span class='ocrx_word' id='word_1_52' title='bbox 596 524 741 555; x_wconf 80' lang='lat' dir='ltr'><strong>Marathe</strong></span> <span class='ocrx_word' id='word_1_53' title='bbox 757 526 883 566; x_wconf 68' lang='lat' dir='ltr'><strong>antiqua</strong></span> <span class='ocrx_word' id='word_1_54' title='bbox 897 528 987 558; x_wconf 76' lang='lat' dir='ltr'><strong>Phoc-</strong></span> 
     </span>
     <span class='ocr_line' id='line_1_11' title="bbox 102 565 991 611; baseline 0.007 -16"><span class='ocrx_word' id='word_1_55' title='bbox 102 565 205 597; x_wconf 89' lang='lat' dir='ltr'><strong>nicum</strong></span> <span class='ocrx_word' id='word_1_56' title='bbox 220 569 305 598; x_wconf 90' lang='lat' dir='ltr'><strong>urbe.</strong></span> <span class='ocrx_word' id='word_1_57' title='bbox 339 568 428 598; x_wconf 90' lang='lat' dir='ltr'><strong>Brut.</strong></span> <span class='ocrx_word' id='word_1_58' title='bbox 445 569 495 598; x_wconf 78' lang='lat'><strong>26.</strong></span> <span class='ocrx_word' id='word_1_59' title='bbox 519 568 619 598; x_wconf 85' lang='lat' dir='ltr'>rhetor</span> <span class='ocrx_word' id='word_1_60' title='bbox 639 568 775 605; x_wconf 83' lang='lat' dir='ltr'><strong>Graecus,</strong></span> <span class='ocrx_word' id='word_1_61' title='bbox 792 571 879 608; x_wconf 84' lang='lat' dir='ltr'><strong>cujus</strong></span> <span class='ocrx_word' id='word_1_62' title='bbox 900 572 991 611; x_wconf 65' lang='lat' dir='ltr'><strong>operit</strong></span> 
     </span>
     <span class='ocr_line' id='line_1_12' title="bbox 107 608 887 650; baseline 0.004 -11"><span class='ocrx_word' id='word_1_63' title='bbox 107 608 144 639; x_wconf 89' lang='lat' dir='ltr'><strong>C.</strong></span> <span class='ocrx_word' id='word_1_64' title='bbox 164 610 320 640; x_wconf 87' lang='lat' dir='ltr'><strong>Gracchus</strong></span> <span class='ocrx_word' id='word_1_65' title='bbox 334 610 366 639; x_wconf 88' lang='lat' dir='ltr'><strong>in</strong></span> <span class='ocrx_word' id='word_1_66' title='bbox 378 610 562 640; x_wconf 87' lang='lat' dir='ltr'><strong>orationibus</strong></span> <span class='ocrx_word' id='word_1_67' title='bbox 578 610 639 640; x_wconf 85' lang='lat' dir='ltr'><strong>suis</strong></span> <span class='ocrx_word' id='word_1_68' title='bbox 654 611 697 640; x_wconf 88' lang='lat' dir='ltr'><strong>uti</strong></span> <span class='ocrx_word' id='word_1_69' title='bbox 713 613 887 650; x_wconf 82' lang='lat' dir='ltr'><strong>putabatur.</strong></span> 
     </span>
    </p>

    <p class='ocr_par' dir='ltr' id='par_1_7' title="bbox 146 652 782 691">
     <span class='ocr_line' id='line_1_13' title="bbox 146 652 782 691; baseline 0.002 -9"><span class='ocrx_word' id='word_1_70' title='bbox 146 654 326 691; x_wconf 58' lang='lat' dir='ltr'><strong>Menelaus,</strong></span> <span class='ocrx_word' id='word_1_71' title='bbox 344 653 431 683; x_wconf 86' lang='lat' dir='ltr'><strong>Verr.</strong></span> <span class='ocrx_word' id='word_1_72' title='bbox 447 652 506 689; x_wconf 58' lang='lat' dir='ltr'><strong>IVa</strong></span> <span class='ocrx_word' id='word_1_73' title='bbox 522 654 573 682; x_wconf 77' lang='lat'><strong>85.</strong></span> <span class='ocrx_word' id='word_1_74' title='bbox 596 653 782 683; x_wconf 82' lang='lat' dir='ltr'>Entellinus.</span> 
     </span>
    </p>

    <p class='ocr_par' dir='ltr' id='par_1_8' title="bbox 101 696 986 779">
     <span class='ocr_line' id='line_1_14' title="bbox 140 696 986 739; baseline 0.006 -15"><span class='ocrx_word' id='word_1_75' title='bbox 140 696 327 734; x_wconf 65' lang='lat' dir='ltr'><strong>IlIenippus,</strong></span> <span class='ocrx_word' id='word_1_76' title='bbox 341 696 578 726; x_wconf 84' lang='lat' dir='ltr'>Stratonicensis.</span> <span class='ocrx_word' id='word_1_77' title='bbox 601 696 689 725; x_wconf 87' lang='lat' dir='ltr'><strong>Brut.</strong></span> <span class='ocrx_word' id='word_1_78' title='bbox 701 697 752 726; x_wconf 71' lang='lat'><strong>91.</strong></span> <span class='ocrx_word' id='word_1_79' title='bbox 767 697 905 739; x_wconf 85' lang='lat' dir='ltr'><strong>princeps</strong></span> <span class='ocrx_word' id='word_1_80' title='bbox 920 709 986 729; x_wconf 86' lang='lat' dir='ltr'><strong>ora-</strong></span> 
     </span>
     <span class='ocr_line' id='line_1_15' title="bbox 101 737 763 779; baseline 0.002 -12"><span class='ocrx_word' id='word_1_81' title='bbox 101 743 202 768; x_wconf 88' lang='lat' dir='ltr'><strong>torum</strong></span> <span class='ocrx_word' id='word_1_82' title='bbox 219 739 434 775; x_wconf 73' lang='lat' dir='ltr'><strong>Asiaticorum,</strong></span> <span class='ocrx_word' id='word_1_83' title='bbox 451 746 586 779; x_wconf 86' lang='lat' dir='ltr'><strong>tempore</strong></span> <span class='ocrx_word' id='word_1_84' title='bbox 600 737 763 768; x_wconf 83' lang='lat' dir='ltr'><strong>Ciceronis.</strong></span> 
     </span>
    </p>

    <p class='ocr_par' dir='ltr' id='par_1_9' title="bbox 98 782 986 901">
     <span class='ocr_line' id='line_1_16' title="bbox 143 782 986 822; baseline 0.005 -12"><span class='ocrx_word' id='word_1_85' title='bbox 143 782 320 820; x_wconf 63' lang='lat' dir='ltr'><strong>Asenippus,</strong></span> <span class='ocrx_word' id='word_1_86' title='bbox 338 782 433 811; x_wconf 79' lang='lat' dir='ltr'><strong>Acad.</strong></span> <span class='ocrx_word' id='word_1_87' title='bbox 450 782 479 818; x_wconf 87' lang='lat' dir='ltr'><strong>I,</strong></span> <span class='ocrx_word' id='word_1_88' title='bbox 494 784 522 810; x_wconf 79' lang='lat'><strong>¹2.</strong></span> <span class='ocrx_word' id='word_1_89' title='bbox 539 782 574 817; x_wconf 84' lang='lat' dir='ltr'><strong>is,</strong></span> <span class='ocrx_word' id='word_1_90' title='bbox 596 791 614 810; x_wconf 86' lang='lat' dir='ltr'><strong>a</strong></span> <span class='ocrx_word' id='word_1_91' title='bbox 629 791 689 821; x_wconf 88' lang='lat' dir='ltr'><strong>quo</strong></span> <span class='ocrx_word' id='word_1_92' title='bbox 706 782 881 822; x_wconf 81' lang='lat' dir='ltr'><strong>Menippeae</strong></span> <span class='ocrx_word' id='word_1_93' title='bbox 906 785 986 814; x_wconf 80' lang='lat' dir='ltr'><strong>Sati-</strong></span> 
     </span>
     <span class='ocr_line' id='line_1_17' title="bbox 98 823 984 865; baseline 0.005 -12"><span class='ocrx_word' id='word_1_94' title='bbox 98 833 139 853; x_wconf 85' lang='lat' dir='ltr'><strong>rae</strong></span> <span class='ocrx_word' id='word_1_95' title='bbox 150 824 301 854; x_wconf 88' lang='lat' dir='ltr'><strong>dicuntur.</strong></span> <span class='ocrx_word' id='word_1_96' title='bbox 316 824 353 854; x_wconf 85' lang='lat' dir='ltr'><strong>de</strong></span> <span class='ocrx_word' id='word_1_97' title='bbox 368 835 429 864; x_wconf 86' lang='lat' dir='ltr'><strong>quo</strong></span> <span class='ocrx_word' id='word_1_98' title='bbox 445 824 504 854; x_wconf 78' lang='lat' dir='ltr'><strong>vid.</strong></span> <span class='ocrx_word' id='word_1_99' title='bbox 522 824 601 853; x_wconf 78' lang='lat' dir='ltr'><strong>Gell.</strong></span> <span class='ocrx_word' id='word_1_100' title='bbox 612 823 711 862; x_wconf 72' lang='lat' dir='ltr'>XIII,</span> <span class='ocrx_word' id='word_1_101' title='bbox 729 826 781 855; x_wconf 73' lang='lat'><strong>39.</strong></span> <span class='ocrx_word' id='word_1_102' title='bbox 798 826 936 857; x_wconf 83' lang='lat' dir='ltr'><strong>Macrob.</strong></span> <span class='ocrx_word' id='word_1_103' title='bbox 955 829 984 865; x_wconf 84' lang='grc' dir='ltr'>Ι,</span> 
     </span>
     <span class='ocr_line' id='line_1_18' title="bbox 101 867 653 901; baseline -0.004 -4"><span class='ocrx_word' id='word_1_104' title='bbox 101 867 130 901; x_wconf 91' lang='grc'><strong>7.</strong></span> <span class='ocrx_word' id='word_1_105' title='bbox 149 870 197 897; x_wconf 91' lang='grc'><strong>11.</strong></span> <span class='ocrx_word' id='word_1_106' title='bbox 212 868 269 897; x_wconf 80' lang='lat' dir='ltr'><strong>&amp;c.</strong></span> <span class='ocrx_word' id='word_1_107' title='bbox 291 868 375 897; x_wconf 83' lang='lat' dir='ltr'><strong>Eum</strong></span> <span class='ocrx_word' id='word_1_108' title='bbox 392 867 528 896; x_wconf 84' lang='lat' dir='ltr'><strong>imitatur</strong></span> <span class='ocrx_word' id='word_1_109' title='bbox 544 867 653 896; x_wconf 79' lang='lat' dir='ltr'><strong>Varro.</strong></span> 
     </span>
    </p>

    <p class='ocr_par' dir='ltr' id='par_1_10' title="bbox 140 909 562 947">
     <span class='ocr_line' id='line_1_19' title="bbox 140 909 562 947; baseline 0 -9"><span class='ocrx_word' id='word_1_110' title='bbox 140 909 305 946; x_wconf 67' lang='lat' dir='ltr'><strong>RIeniscus,</strong></span> <span class='ocrx_word' id='word_1_111' title='bbox 324 910 411 939; x_wconf 84' lang='lat' dir='ltr'><strong>Verr.</strong></span> <span class='ocrx_word' id='word_1_112' title='bbox 432 909 492 947; x_wconf 88' lang='lat' dir='ltr'><strong>IV,</strong></span> <span class='ocrx_word' id='word_1_113' title='bbox 512 911 562 944; x_wconf 77' lang='grc'><strong>87.</strong></span> 
     </span>
    </p>

    <p class='ocr_par' dir='ltr' id='par_1_11' title="bbox 96 952 983 1026">
     <span class='ocr_line' id='line_1_20' title="bbox 138 952 983 996; baseline -0.001 -14"><span class='ocrx_word' id='word_1_114' title='bbox 138 954 342 990; x_wconf 78' lang='lat' dir='ltr'><strong>Menocritus,</strong></span> <span class='ocrx_word' id='word_1_115' title='bbox 358 953 397 983; x_wconf 80' lang='lat' dir='ltr'><strong>ad</strong></span> <span class='ocrx_word' id='word_1_116' title='bbox 412 953 484 983; x_wconf 84' lang='lat' dir='ltr'><strong>Div.</strong></span> <span class='ocrx_word' id='word_1_117' title='bbox 505 953 533 991; x_wconf 95' lang='lat' dir='ltr'><strong>I,</strong></span> <span class='ocrx_word' id='word_1_118' title='bbox 548 954 578 983; x_wconf 76' lang='lat'><strong>9.</strong></span> <span class='ocrx_word' id='word_1_119' title='bbox 600 952 736 988; x_wconf 85' lang='lat' dir='ltr'><strong>Graecus,</strong></span> <span class='ocrx_word' id='word_1_120' title='bbox 751 953 877 983; x_wconf 87' lang='lat' dir='ltr'><strong>Lentuli</strong></span> <span class='ocrx_word' id='word_1_121' title='bbox 893 956 983 996; x_wconf 80' lang='lat' dir='ltr'><strong>Spin-</strong></span> 
     </span>
     <span class='ocr_line' id='line_1_21' title="bbox 96 995 338 1026; baseline 0.004 -1"><span class='ocrx_word' id='word_1_122' title='bbox 96 995 187 1026; x_wconf 90' lang='lat' dir='ltr'><strong>theris</strong></span> <span class='ocrx_word' id='word_1_123' title='bbox 202 997 338 1026; x_wconf 84' lang='lat' dir='ltr'><strong>libertus.</strong></span> 
     </span>
    </p>

    <p class='ocr_par' dir='ltr' id='par_1_12' title="bbox 95 1038 985 1154">
     <span class='ocr_line' id='line_1_22' title="bbox 138 1038 984 1075; baseline 0.005 -8"><span class='ocrx_word' id='word_1_124' title='bbox 138 1040 325 1075; x_wconf 75' lang='lat' dir='ltr'><strong>Menoeceus,</strong></span> <span class='ocrx_word' id='word_1_125' title='bbox 350 1038 380 1068; x_wconf 89' lang='lat' dir='ltr'>T</span> <span class='ocrx_word' id='word_1_126' title='bbox 384 1048 445 1068; x_wconf 83' lang='lat' dir='ltr'><strong>use.</strong></span> <span class='ocrx_word' id='word_1_127' title='bbox 465 1038 492 1075; x_wconf 90' lang='grc' dir='ltr'><strong>Ι,</strong></span> <span class='ocrx_word' id='word_1_128' title='bbox 510 1041 562 1069; x_wconf 78' lang='lat'><strong>48.</strong></span> <span class='ocrx_word' id='word_1_129' title='bbox 590 1039 711 1068; x_wconf 76' lang='lat' dir='ltr'><strong>oraculo</strong></span> <span class='ocrx_word' id='word_1_130' title='bbox 736 1039 826 1074; x_wconf 83' lang='lat' dir='ltr'><strong>edito,</strong></span> <span class='ocrx_word' id='word_1_131' title='bbox 844 1047 984 1071; x_wconf 84' lang='lat' dir='ltr'><strong>mortuus</strong></span> 
     </span>
     <span class='ocr_line' id='line_1_23' title="bbox 95 1081 985 1122; baseline 0.002 -11"><span class='ocrx_word' id='word_1_132' title='bbox 95 1087 140 1111; x_wconf 85' lang='lat' dir='ltr'><strong>est</strong></span> <span class='ocrx_word' id='word_1_133' title='bbox 154 1092 208 1122; x_wconf 85' lang='lat' dir='ltr'><strong>pro</strong></span> <span class='ocrx_word' id='word_1_134' title='bbox 224 1083 331 1122; x_wconf 69' lang='lat' dir='ltr'><strong>patria.</strong></span> <span class='ocrx_word' id='word_1_135' title='bbox 356 1081 495 1112; x_wconf 83' lang='lat' dir='ltr'><strong>Creontis</strong></span> <span class='ocrx_word' id='word_1_136' title='bbox 507 1082 598 1119; x_wconf 83' lang='lat' dir='ltr'><strong>filius,</strong></span> <span class='ocrx_word' id='word_1_137' title='bbox 615 1092 664 1121; x_wconf 83' lang='lat' dir='ltr'><strong>ap.</strong></span> <span class='ocrx_word' id='word_1_138' title='bbox 680 1081 789 1122; x_wconf 88' lang='lat' dir='ltr'><strong>Eurip.</strong></span> <span class='ocrx_word' id='word_1_139' title='bbox 807 1082 838 1110; x_wconf 92' lang='lat' dir='ltr'><strong>in</strong></span> <span class='ocrx_word' id='word_1_140' title='bbox 855 1085 877 1098; x_wconf 83' lang='grc'>“</span> <span class='ocrx_word' id='word_1_141' title='bbox 890 1083 985 1113; x_wconf 65' lang='lat' dir='ltr'><strong>Phoc-</strong></span> 
     </span>
     <span class='ocr_line' id='line_1_24' title="bbox 95 1123 214 1154; baseline 0.008 -1"><span class='ocrx_word' id='word_1_142' title='bbox 95 1123 214 1154; x_wconf 85' lang='lat' dir='ltr'><strong>nissis.&#39;&#39;</strong></span> 
     </span>
    </p>

    <p class='ocr_par' dir='ltr' id='par_1_13' title="bbox 138 1166 742 1206">
     <span class='ocr_line' id='line_1_25' title="bbox 138 1166 742 1206; baseline -0.003 -8"><span class='ocrx_word' id='word_1_143' title='bbox 138 1168 267 1206; x_wconf 64' lang='lat' dir='ltr'><strong>Bienon,</strong></span> <span class='ocrx_word' id='word_1_144' title='bbox 279 1168 372 1198; x_wconf 86' lang='lat' dir='ltr'><strong>Tusc.</strong></span> <span class='ocrx_word' id='word_1_145' title='bbox 390 1166 418 1205; x_wconf 92' lang='lat' dir='ltr'><strong>I,</strong></span> <span class='ocrx_word' id='word_1_146' title='bbox 435 1168 486 1197; x_wconf 73' lang='grc'><strong>24.</strong></span> <span class='ocrx_word' id='word_1_147' title='bbox 504 1167 580 1197; x_wconf 89' lang='lat' dir='ltr'><strong>liber</strong></span> <span class='ocrx_word' id='word_1_148' title='bbox 598 1166 742 1196; x_wconf 86' lang='lat' dir='ltr'><strong>Platonis.</strong></span> 
     </span>
    </p>

    <p class='ocr_par' dir='ltr' id='par_1_14' title="bbox 95 1209 983 1285">
     <span class='ocr_line' id='line_1_26' title="bbox 137 1209 983 1251; baseline 0.001 -11"><span class='ocrx_word' id='word_1_149' title='bbox 137 1212 351 1250; x_wconf 72' lang='lat' dir='ltr'><strong>Menophilus,</strong></span> <span class='ocrx_word' id='word_1_150' title='bbox 376 1211 414 1240; x_wconf 86' lang='lat' dir='ltr'><strong>ad</strong></span> <span class='ocrx_word' id='word_1_151' title='bbox 431 1211 496 1240; x_wconf 84' lang='lat' dir='ltr'><strong>Att.</strong></span> <span class='ocrx_word' id='word_1_152' title='bbox 524 1210 584 1247; x_wconf 89' lang='lat' dir='ltr'><strong>IV,</strong></span> <span class='ocrx_word' id='word_1_153' title='bbox 605 1211 634 1244; x_wconf 83' lang='lat'><strong>7.</strong></span> <span class='ocrx_word' id='word_1_154' title='bbox 662 1220 763 1239; x_wconf 85' lang='lat' dir='ltr'><strong>servus</strong></span> <span class='ocrx_word' id='word_1_155' title='bbox 785 1209 894 1248; x_wconf 85' lang='lat' dir='ltr'><strong>Attici,</strong></span> <span class='ocrx_word' id='word_1_156' title='bbox 922 1221 983 1251; x_wconf 88' lang='lat' dir='ltr'><strong>quo</strong></span> 
     </span>
     <span class='ocr_line' id='line_1_27' title="bbox 95 1252 786 1285; baseline -0.006 0"><span class='ocrx_word' id='word_1_157' title='bbox 95 1252 202 1285; x_wconf 86' lang='lat' dir='ltr'><strong>Cicero</strong></span> <span class='ocrx_word' id='word_1_158' title='bbox 213 1265 286 1284; x_wconf 88' lang='lat' dir='ltr'><strong>usus</strong></span> <span class='ocrx_word' id='word_1_159' title='bbox 299 1260 343 1283; x_wconf 88' lang='lat' dir='ltr'><strong>est</strong></span> <span class='ocrx_word' id='word_1_160' title='bbox 358 1253 389 1282; x_wconf 83' lang='lat' dir='ltr'><strong>in</strong></span> <span class='ocrx_word' id='word_1_161' title='bbox 405 1253 580 1283; x_wconf 67' lang='lat' dir='ltr'><strong>instruenda</strong></span> <span class='ocrx_word' id='word_1_162' title='bbox 594 1252 786 1282; x_wconf 59' lang='lat' dir='ltr'><strong>bibliotheca.</strong></span> 
     </span>
    </p>

    <p class='ocr_par' dir='ltr' id='par_1_15' title="bbox 93 1295 982 1419">
     <span class='ocr_line' id='line_1_28' title="bbox 137 1295 981 1335; baseline 0.002 -11"><span class='ocrx_word' id='word_1_163' title='bbox 137 1295 275 1335; x_wconf 68' lang='lat' dir='ltr'><strong>Blentor,</strong></span> <span class='ocrx_word' id='word_1_164' title='bbox 301 1296 389 1326; x_wconf 88' lang='lat' dir='ltr'><strong>Verr.</strong></span> <span class='ocrx_word' id='word_1_165' title='bbox 409 1296 451 1333; x_wconf 93' lang='lat' dir='ltr'><strong>V,</strong></span> <span class='ocrx_word' id='word_1_166' title='bbox 472 1297 519 1325; x_wconf 89' lang='grc'><strong>18.</strong></span> <span class='ocrx_word' id='word_1_167' title='bbox 545 1295 677 1335; x_wconf 87' lang='lat' dir='ltr'><strong>sculptor</strong></span> <span class='ocrx_word' id='word_1_168' title='bbox 692 1301 721 1324; x_wconf 90' lang='lat' dir='ltr'><strong>et</strong></span> <span class='ocrx_word' id='word_1_169' title='bbox 737 1295 867 1332; x_wconf 55' lang='lat' dir='ltr'><strong>caelator,</strong></span> <span class='ocrx_word' id='word_1_170' title='bbox 895 1297 981 1335; x_wconf 81' lang='lat' dir='ltr'><strong>cujus</strong></span> 
     </span>
     <span class='ocr_line' id='line_1_29' title="bbox 94 1337 982 1379; baseline 0 -10"><span class='ocrx_word' id='word_1_171' title='bbox 94 1339 254 1369; x_wconf 86' lang='lat' dir='ltr'><strong>Thericlea</strong></span> <span class='ocrx_word' id='word_1_172' title='bbox 266 1350 337 1369; x_wconf 83' lang='lat' dir='ltr'><strong>vasa</strong></span> <span class='ocrx_word' id='word_1_173' title='bbox 348 1338 520 1368; x_wconf 84' lang='lat' dir='ltr'><strong>laudantur.</strong></span> <span class='ocrx_word' id='word_1_174' title='bbox 539 1339 578 1369; x_wconf 95' lang='lat' dir='ltr'><strong>V.</strong></span> <span class='ocrx_word' id='word_1_175' title='bbox 591 1338 692 1367; x_wconf 57' lang='grc' dir='ltr'><strong>(ἐτι-ξεν.</strong></span> <span class='ocrx_word' id='word_1_176' title='bbox 706 1337 786 1367; x_wconf 86' lang='lat' dir='ltr'><strong>adh.</strong></span> <span class='ocrx_word' id='word_1_177' title='bbox 799 1337 820 1366; x_wconf 92' lang='lat' dir='ltr'><strong>l.</strong></span> <span class='ocrx_word' id='word_1_178' title='bbox 832 1337 982 1379; x_wconf 81' lang='lat' dir='ltr'><strong>imprimis</strong></span> 
     </span>
     <span class='ocr_line' id='line_1_30' title="bbox 93 1381 416 1419; baseline 0.003 -8"><span class='ocrx_word' id='word_1_179' title='bbox 93 1381 164 1411; x_wconf 85' lang='lat' dir='ltr'><strong>Plin</strong></span> <span class='ocrx_word' id='word_1_180' title='bbox 178 1381 346 1419; x_wconf 85' lang='lat' dir='ltr'>XXXIII,</span> <span class='ocrx_word' id='word_1_181' title='bbox 366 1385 416 1412; x_wconf 82' lang='lat'><strong>12.</strong></span> 
     </span>
    </p>

    <p class='ocr_par' dir='ltr' id='par_1_16' title="bbox 137 1423 666 1464">
     <span class='ocr_line' id='line_1_31' title="bbox 137 1423 666 1464; baseline -0.004 -10"><span class='ocrx_word' id='word_1_182' title='bbox 137 1424 283 1462; x_wconf 70' lang='lat' dir='ltr'><strong>Menum,</strong></span> <span class='ocrx_word' id='word_1_183' title='bbox 299 1424 495 1464; x_wconf 85' lang='lat' dir='ltr'><strong>Anagninus,</strong></span> <span class='ocrx_word' id='word_1_184' title='bbox 508 1423 602 1454; x_wconf 72' lang='lat' dir='ltr'><strong>Doni.</strong></span> <span class='ocrx_word' id='word_1_185' title='bbox 615 1424 666 1453; x_wconf 82' lang='lat'><strong>30.</strong></span> 
     </span>
    </p>

    <p class='ocr_par' dir='ltr' id='par_1_17' title="bbox 137 1465 894 1506">
     <span class='ocr_line' id='line_1_32' title="bbox 137 1465 894 1506; baseline 0 -10"><span class='ocrx_word' id='word_1_186' title='bbox 137 1467 330 1505; x_wconf 78' lang='lat' dir='ltr'><strong>Mercurius,</strong></span> <span class='ocrx_word' id='word_1_187' title='bbox 348 1468 390 1497; x_wconf 93' lang='lat' dir='ltr'><strong>N.</strong></span> <span class='ocrx_word' id='word_1_188' title='bbox 410 1467 452 1496; x_wconf 89' lang='lat' dir='ltr'><strong>D.</strong></span> <span class='ocrx_word' id='word_1_189' title='bbox 470 1466 538 1503; x_wconf 89' lang='lat' dir='ltr'>III,</span> <span class='ocrx_word' id='word_1_190' title='bbox 555 1470 607 1498; x_wconf 74' lang='lat'><strong>22.</strong></span> <span class='ocrx_word' id='word_1_191' title='bbox 621 1465 768 1496; x_wconf 78' lang='lat' dir='ltr'><strong>Mercurii</strong></span> <span class='ocrx_word' id='word_1_192' title='bbox 783 1466 894 1506; x_wconf 72' lang='lat' dir='ltr'><strong>plures.</strong></span> 
     </span>
    </p>

    <p class='ocr_par' dir='ltr' id='par_1_18' title="bbox 136 1510 552 1541">
     <span class='ocr_line' id='line_1_33' title="bbox 136 1510 552 1541; baseline -0.007 0"><span class='ocrx_word' id='word_1_193' title='bbox 136 1511 275 1541; x_wconf 75' lang='lat' dir='ltr'><strong>Merula.</strong></span> <span class='ocrx_word' id='word_1_194' title='bbox 289 1511 329 1541; x_wconf 91' lang='lat' dir='ltr'><strong>V.</strong></span> <span class='ocrx_word' id='word_1_195' title='bbox 344 1511 375 1539; x_wconf 86' lang='lat' dir='ltr'><strong>in</strong></span> <span class='ocrx_word' id='word_1_196' title='bbox 390 1510 552 1539; x_wconf 76' lang='lat' dir='ltr'><strong>Corneliis.</strong></span> 
     </span>
    </p>

    <p class='ocr_par' dir='ltr' id='par_1_19' title="bbox 94 1550 978 1635">
     <span class='ocr_line' id='line_1_34' title="bbox 136 1550 978 1592; baseline 0 -10"><span class='ocrx_word' id='word_1_197' title='bbox 136 1553 176 1584; x_wconf 91' lang='lat' dir='ltr'><strong>L.</strong></span> <span class='ocrx_word' id='word_1_198' title='bbox 195 1553 370 1584; x_wconf 70' lang='lat' dir='ltr'><strong>Mescinius</strong></span> <span class='ocrx_word' id='word_1_199' title='bbox 387 1552 505 1592; x_wconf 58' lang='grc' dir='ltr'><strong>Βιρῇιε,</strong></span> <span class='ocrx_word' id='word_1_200' title='bbox 522 1552 560 1582; x_wconf 85' lang='lat' dir='ltr'><strong>ad</strong></span> <span class='ocrx_word' id='word_1_201' title='bbox 585 1552 658 1582; x_wconf 87' lang='lat' dir='ltr'><strong>Div.</strong></span> <span class='ocrx_word' id='word_1_202' title='bbox 673 1550 715 1587; x_wconf 76' lang='lat' dir='ltr'><strong>V,</strong></span> <span class='ocrx_word' id='word_1_203' title='bbox 736 1552 784 1581; x_wconf 85' lang='lat'><strong>19.</strong></span> <span class='ocrx_word' id='word_1_204' title='bbox 800 1552 851 1581; x_wconf 83' lang='lat'><strong>20.</strong></span> <span class='ocrx_word' id='word_1_205' title='bbox 874 1552 978 1591; x_wconf 88' lang='lat' dir='ltr'>XIII,</span> 
     </span>
     <span class='ocr_line' id='line_1_35' title="bbox 94 1593 950 1635; baseline 0 -9"><span class='ocrx_word' id='word_1_206' title='bbox 94 1599 146 1626; x_wconf 84' lang='lat'><strong>26.</strong></span> <span class='ocrx_word' id='word_1_207' title='bbox 162 1599 214 1627; x_wconf 86' lang='grc'><strong>28.</strong></span> <span class='ocrx_word' id='word_1_208' title='bbox 231 1596 326 1634; x_wconf 89' lang='lat' dir='ltr'>XVI,</span> <span class='ocrx_word' id='word_1_209' title='bbox 343 1597 373 1625; x_wconf 77' lang='lat'><strong>4.</strong></span> <span class='ocrx_word' id='word_1_210' title='bbox 390 1597 419 1626; x_wconf 86' lang='grc'><strong>9.</strong></span> <span class='ocrx_word' id='word_1_211' title='bbox 437 1596 503 1625; x_wconf 85' lang='lat' dir='ltr'><strong>Att.</strong></span> <span class='ocrx_word' id='word_1_212' title='bbox 515 1595 577 1631; x_wconf 88' lang='lat' dir='ltr'><strong>VI,</strong></span> <span class='ocrx_word' id='word_1_213' title='bbox 594 1595 624 1624; x_wconf 89' lang='grc'><strong>3.</strong></span> <span class='ocrx_word' id='word_1_214' title='bbox 641 1600 771 1635; x_wconf 85' lang='lat' dir='ltr'><strong>quaestor</strong></span> <span class='ocrx_word' id='word_1_215' title='bbox 788 1593 950 1626; x_wconf 78' lang='lat' dir='ltr'><strong>Ciceronis.</strong></span> 
     </span>
    </p>

    <p class='ocr_par' dir='ltr' id='par_1_20' title="bbox 91 1636 979 1767">
     <span class='ocr_line' id='line_1_36' title="bbox 137 1636 979 1678; baseline -0.001 -9"><span class='ocrx_word' id='word_1_216' title='bbox 137 1639 187 1669; x_wconf 91' lang='lat' dir='ltr'><strong>M.</strong></span> <span class='ocrx_word' id='word_1_217' title='bbox 208 1641 348 1671; x_wconf 59' lang='lat' dir='ltr'><strong>Valerius</strong></span> <span class='ocrx_word' id='word_1_218' title='bbox 362 1639 510 1676; x_wconf 62' lang='lat' dir='ltr'><strong>Blessala,</strong></span> <span class='ocrx_word' id='word_1_219' title='bbox 527 1638 581 1678; x_wconf 89' lang='lat' dir='ltr'><strong>qui</strong></span> <span class='ocrx_word' id='word_1_220' title='bbox 591 1637 712 1667; x_wconf 86' lang='lat' dir='ltr'><strong>biennio</strong></span> <span class='ocrx_word' id='word_1_221' title='bbox 721 1644 788 1676; x_wconf 86' lang='lat' dir='ltr'><strong>post</strong></span> <span class='ocrx_word' id='word_1_222' title='bbox 802 1636 979 1668; x_wconf 72' lang='lat' dir='ltr'><strong>Ciceronem</strong></span> 
     </span>
     <span class='ocr_line' id='line_1_37' title="bbox 92 1679 979 1721; baseline -0.007 -8"><span class='ocrx_word' id='word_1_223' title='bbox 92 1683 199 1713; x_wconf 87' lang='lat' dir='ltr'><strong>consul</strong></span> <span class='ocrx_word' id='word_1_224' title='bbox 218 1683 285 1713; x_wconf 89' lang='lat' dir='ltr'><strong>fuit.</strong></span> <span class='ocrx_word' id='word_1_225' title='bbox 313 1683 402 1713; x_wconf 83' lang='lat' dir='ltr'><strong>Brut.</strong></span> <span class='ocrx_word' id='word_1_226' title='bbox 429 1683 480 1716; x_wconf 84' lang='lat'><strong>70.</strong></span> <span class='ocrx_word' id='word_1_227' title='bbox 495 1681 592 1721; x_wconf 83' lang='lat' dir='ltr'><strong>qualis</strong></span> <span class='ocrx_word' id='word_1_228' title='bbox 612 1686 718 1710; x_wconf 85' lang='lat' dir='ltr'><strong>orator.</strong></span> <span class='ocrx_word' id='word_1_229' title='bbox 742 1679 819 1709; x_wconf 71' lang='lat' dir='ltr'><strong>Suu.</strong></span> <span class='ocrx_word' id='word_1_230' title='bbox 839 1680 886 1709; x_wconf 72' lang='lat'><strong>14.</strong></span> <span class='ocrx_word' id='word_1_231' title='bbox 902 1691 979 1720; x_wconf 79' lang='lat' dir='ltr'><strong>prae-</strong></span> 
     </span>
     <span class='ocr_line' id='line_1_38' title="bbox 91 1722 979 1767; baseline -0.002 -13"><span class='ocrx_word' id='word_1_232' title='bbox 91 1730 148 1755; x_wconf 86' lang='lat' dir='ltr'><strong>tor.</strong></span> <span class='ocrx_word' id='word_1_233' title='bbox 165 1725 300 1767; x_wconf 85' lang='lat' dir='ltr'><strong>Harusp.</strong></span> <span class='ocrx_word' id='word_1_234' title='bbox 318 1726 412 1765; x_wconf 84' lang='lat' dir='ltr'><strong>Resp.</strong></span> <span class='ocrx_word' id='word_1_235' title='bbox 425 1725 454 1753; x_wconf 79' lang='lat'><strong>6.</strong></span> <span class='ocrx_word' id='word_1_236' title='bbox 467 1723 614 1765; x_wconf 78' lang='lat' dir='ltr'><strong>pontifex.</strong></span> <span class='ocrx_word' id='word_1_237' title='bbox 630 1723 695 1752; x_wconf 88' lang='lat' dir='ltr'><strong>Att.</strong></span> <span class='ocrx_word' id='word_1_238' title='bbox 710 1722 738 1759; x_wconf 79' lang='grc' dir='ltr'>Ι,</span> <span class='ocrx_word' id='word_1_239' title='bbox 755 1724 804 1752; x_wconf 80' lang='grc'><strong>13.</strong></span> <span class='ocrx_word' id='word_1_240' title='bbox 817 1723 979 1754; x_wconf 76' lang='lat' dir='ltr'><strong>vehemen-</strong></span> 
     </span>
    </p>
   </div>
   <div class='ocr_carea' id='block_1_3' title="bbox 93 1765 979 1838">
    <p class='ocr_par' dir='ltr' id='par_1_21' title="bbox 93 1765 979 1838">
     <span class='ocr_line' id='line_1_39' title="bbox 93 1765 979 1838; baseline -0.007 -40"><span class='ocrx_word' id='word_1_241' title='bbox 93 1772 138 1798; x_wconf 84' lang='lat' dir='ltr'><strong>ter</strong></span> <span class='ocrx_word' id='word_1_242' title='bbox 153 1778 254 1801; x_wconf 86' lang='lat' dir='ltr'><strong>severe</strong></span> <span class='ocrx_word' id='word_1_243' title='bbox 268 1774 372 1800; x_wconf 86' lang='lat' dir='ltr'><strong>contra</strong></span> <span class='ocrx_word' id='word_1_244' title='bbox 389 1767 534 1799; x_wconf 86' lang='lat' dir='ltr'><strong>Clodium</strong></span> <span class='ocrx_word' id='word_1_245' title='bbox 555 1767 626 1807; x_wconf 82' lang='lat' dir='ltr'><strong>agit.</strong></span> <span class='ocrx_word' id='word_1_246' title='bbox 642 1766 685 1827; x_wconf 59' lang='grc' dir='ltr'><strong>ἰὶ)ὁ</strong></span> <span class='ocrx_word' id='word_1_247' title='bbox 703 1768 763 1838; x_wconf 64' lang='grc' dir='ltr'><strong>14Ξς</strong></span> <span class='ocrx_word' id='word_1_248' title='bbox 772 1765 859 1796; x_wconf 84' lang='lat' dir='ltr'><strong>valde</strong></span> <span class='ocrx_word' id='word_1_249' title='bbox 874 1765 979 1799; x_wconf 79' lang='lat' dir='ltr'><strong>lauda.</strong></span> 
     </span>
     <span class='ocr_line' id='line_1_40' title="bbox 666 1817 726 1838; baseline 0 0"><span class='ocrx_word' id='word_1_250' title='bbox 666 1829 684 1838; x_wconf 86' lang='grc'><strong>...</strong></span> <span class='ocrx_word' id='word_1_251' title='bbox 708 1817 726 1838; x_wconf 82' lang='lat' dir='ltr'><strong>c</strong></span> 
     </span>
    </p>
   </div>
  </div>
 </body>
</html>
