<?xml version="1.0" encoding="UTF-8"?>
<!DOCTYPE html PUBLIC "-//W3C//DTD XHTML 1.0 Transitional//EN"
    "http://www.w3.org/TR/xhtml1/DTD/xhtml1-transitional.dtd">
<html xmlns="http://www.w3.org/1999/xhtml" xml:lang="en" lang="en">
 <head>
  <title>
</title>
<meta http-equiv="Content-Type" content="text/html;charset=utf-8" />
  <meta name='ocr-system' content='tesseract 3.04.00' />
  <meta name='ocr-capabilities' content='ocr_page ocr_carea ocr_par ocr_line ocrx_word'/>
</head>
<body>
  <div class='ocr_page' id='page_1' title='image "./operaern12ciceuoft_0400.png"; bbox 0 0 1122 1868; ppageno 0'>
   <div class='ocr_carea' id='block_1_1' title="bbox 158 98 828 133">
    <p class='ocr_par' dir='ltr' id='par_1_1' title="bbox 158 98 828 133">
     <span class='ocr_line' id='line_1_1' title="bbox 158 98 828 133; baseline 0.008 -6"><span class='ocrx_word' id='word_1_1' title='bbox 158 98 221 128; x_wconf 83' lang='grc'><strong>388</strong></span> <span class='ocrx_word' id='word_1_2' title='bbox 259 117 265 122; x_wconf 80' lang='lat'><strong>·</strong></span> <span class='ocrx_word' id='word_1_3' title='bbox 371 98 520 131; x_wconf 88' lang='lat' dir='ltr'>INDEX</span> <span class='ocrx_word' id='word_1_4' title='bbox 544 100 828 133; x_wconf 87' lang='lat' dir='ltr'><strong>HISTORICUS.</strong></span> 
     </span>
    </p>
   </div>
   <div class='ocr_carea' id='block_1_2' title="bbox 155 183 1044 1807">
    <p class='ocr_par' dir='ltr' id='par_1_2' title="bbox 155 183 1038 313">
     <span class='ocr_line' id='line_1_2' title="bbox 156 183 1037 227; baseline 0.003 -14"><span class='ocrx_word' id='word_1_5' title='bbox 156 183 267 214; x_wconf 80' lang='lat' dir='ltr'><strong>stathio</strong></span> <span class='ocrx_word' id='word_1_6' title='bbox 283 183 321 214; x_wconf 85' lang='lat' dir='ltr'><strong>ad</strong></span> <span class='ocrx_word' id='word_1_7' title='bbox 337 185 427 215; x_wconf 83' lang='lat' dir='ltr'><strong>Iliad.</strong></span> <span class='ocrx_word' id='word_1_8' title='bbox 444 191 479 224; x_wconf 86' lang='grc' dir='ltr'><strong>Ω,</strong></span> <span class='ocrx_word' id='word_1_9' title='bbox 501 187 567 217; x_wconf 85' lang='grc'><strong>163.</strong></span> <span class='ocrx_word' id='word_1_10' title='bbox 592 187 641 217; x_wconf 95' lang='lat' dir='ltr'><strong>De</strong></span> <span class='ocrx_word' id='word_1_11' title='bbox 652 198 687 218; x_wconf 88' lang='lat' dir='ltr'><strong>eo</strong></span> <span class='ocrx_word' id='word_1_12' title='bbox 699 187 789 217; x_wconf 85' lang='lat' dir='ltr'><strong>etiam</strong></span> <span class='ocrx_word' id='word_1_13' title='bbox 804 185 967 227; x_wconf 83' lang='lat' dir='ltr'><strong>capiendus</strong></span> <span class='ocrx_word' id='word_1_14' title='bbox 983 183 1037 217; x_wconf 84' lang='lat' dir='ltr'><strong>Ci-</strong></span> 
     </span>
     <span class='ocr_line' id='line_1_3' title="bbox 155 226 1038 270; baseline 0.003 -15"><span class='ocrx_word' id='word_1_15' title='bbox 155 236 222 256; x_wconf 90' lang='lat' dir='ltr'><strong>cero</strong></span> <span class='ocrx_word' id='word_1_16' title='bbox 237 226 268 256; x_wconf 88' lang='lat' dir='ltr'><strong>in</strong></span> <span class='ocrx_word' id='word_1_17' title='bbox 285 228 372 257; x_wconf 85' lang='lat' dir='ltr'>Orat.</span> <span class='ocrx_word' id='word_1_18' title='bbox 389 230 440 258; x_wconf 90' lang='grc'><strong>22.</strong></span> <span class='ocrx_word' id='word_1_19' title='bbox 456 229 494 259; x_wconf 85' lang='lat' dir='ltr'><strong>ad</strong></span> <span class='ocrx_word' id='word_1_20' title='bbox 509 240 538 270; x_wconf 93' lang='lat' dir='ltr'><strong>q.</strong></span> <span class='ocrx_word' id='word_1_21' title='bbox 554 230 576 259; x_wconf 95' lang='lat' dir='ltr'><strong>l.</strong></span> <span class='ocrx_word' id='word_1_22' title='bbox 592 230 652 260; x_wconf 83' lang='lat' dir='ltr'><strong>vid.</strong></span> <span class='ocrx_word' id='word_1_23' title='bbox 669 230 799 268; x_wconf 87' lang='lat' dir='ltr'><strong>Quintil.</strong></span> <span class='ocrx_word' id='word_1_24' title='bbox 820 229 840 259; x_wconf 95' lang='grc'><strong>1.</strong></span> <span class='ocrx_word' id='word_1_25' title='bbox 863 240 892 260; x_wconf 87' lang='lat' dir='ltr'><strong>c.</strong></span> <span class='ocrx_word' id='word_1_26' title='bbox 915 235 944 259; x_wconf 89' lang='lat' dir='ltr'><strong>et</strong></span> <span class='ocrx_word' id='word_1_27' title='bbox 963 228 1038 258; x_wconf 88' lang='lat' dir='ltr'><strong>alios</strong></span> 
     </span>
     <span class='ocr_line' id='line_1_4' title="bbox 156 269 1036 330; baseline 0.003 -32"><span class='ocrx_word' id='word_1_28' title='bbox 156 279 204 330; x_wconf 81' lang='lat' dir='ltr'><strong>ap.</strong></span> <span class='ocrx_word' id='word_1_29' title='bbox 222 269 378 300; x_wconf 79' lang='lat' dir='ltr'><strong>Junium&#39;</strong></span> <span class='ocrx_word' id='word_1_30' title='bbox 371 281 402 300; x_wconf 89' lang='lat' dir='ltr'><strong>m</strong></span> <span class='ocrx_word' id='word_1_31' title='bbox 418 271 515 302; x_wconf 86' lang='lat' dir='ltr'><strong>Catal.</strong></span> <span class='ocrx_word' id='word_1_32' title='bbox 535 272 613 303; x_wconf 86' lang='lat' dir='ltr'><strong>Pict.</strong></span> <span class='ocrx_word' id='word_1_33' title='bbox 634 272 781 313; x_wconf 84' lang='lat' dir='ltr'><strong>Leopard.</strong></span> <span class='ocrx_word' id='word_1_34' title='bbox 803 271 935 302; x_wconf 86' lang='lat' dir='ltr'><strong>Emend.</strong></span> <span class='ocrx_word' id='word_1_35' title='bbox 957 271 1036 308; x_wconf 92' lang='lat' dir='ltr'><strong>XX,</strong></span> 
     </span>
    </p>

    <p class='ocr_par' dir='ltr' id='par_1_3' title="bbox 158 356 1041 471">
     <span class='ocr_line' id='line_1_5' title="bbox 207 356 1041 395; baseline 0.002 -11"><span class='ocrx_word' id='word_1_36' title='bbox 207 356 427 393; x_wconf 75' lang='lat' dir='ltr'><em>Timarchides,</em></span> <span class='ocrx_word' id='word_1_37' title='bbox 451 358 539 388; x_wconf 84' lang='lat' dir='ltr'><strong>Verr.</strong></span> <span class='ocrx_word' id='word_1_38' title='bbox 560 357 625 395; x_wconf 89' lang='grc' dir='ltr'>ΙΙΙ,</span> <span class='ocrx_word' id='word_1_39' title='bbox 643 359 693 388; x_wconf 83' lang='grc'><strong>28.</strong></span> <span class='ocrx_word' id='word_1_40' title='bbox 716 360 772 388; x_wconf 82' lang='lat' dir='ltr'><strong>&amp;c.</strong></span> <span class='ocrx_word' id='word_1_41' title='bbox 794 358 918 388; x_wconf 87' lang='lat' dir='ltr'><strong>libertus</strong></span> <span class='ocrx_word' id='word_1_42' title='bbox 941 362 970 387; x_wconf 86' lang='lat' dir='ltr'><strong>et</strong></span> <span class='ocrx_word' id='word_1_43' title='bbox 990 366 1041 386; x_wconf 87' lang='lat' dir='ltr'><strong>ac-</strong></span> 
     </span>
     <span class='ocr_line' id='line_1_6' title="bbox 158 398 1041 441; baseline 0.002 -14"><span class='ocrx_word' id='word_1_44' title='bbox 158 407 263 428; x_wconf 87' lang='lat' dir='ltr'><strong>census</strong></span> <span class='ocrx_word' id='word_1_45' title='bbox 280 398 316 429; x_wconf 91' lang='lat' dir='ltr'><strong>C.</strong></span> <span class='ocrx_word' id='word_1_46' title='bbox 331 399 456 437; x_wconf 73' lang='lat' dir='ltr'><strong>Verris3</strong></span> <span class='ocrx_word' id='word_1_47' title='bbox 480 401 517 431; x_wconf 90' lang='lat' dir='ltr'><strong>de</strong></span> <span class='ocrx_word' id='word_1_48' title='bbox 532 402 618 441; x_wconf 87' lang='lat' dir='ltr'><strong>cujus</strong></span> <span class='ocrx_word' id='word_1_49' title='bbox 633 401 792 432; x_wconf 84' lang='lat' dir='ltr'>sceleribus</span> <span class='ocrx_word' id='word_1_50' title='bbox 806 400 922 430; x_wconf 79' lang='lat' dir='ltr'><strong>multa</strong></span> <span class='ocrx_word' id='word_1_51' title='bbox 915 409 946 429; x_wconf 82' lang='lat' dir='ltr'><strong>in</strong></span> <span class='ocrx_word' id='word_1_52' title='bbox 962 398 1041 429; x_wconf 91' lang='lat' dir='ltr'><strong>Ver-</strong></span> 
     </span>
     <span class='ocr_line' id='line_1_7' title="bbox 158 440 241 471; baseline 0.027 -2"><span class='ocrx_word' id='word_1_53' title='bbox 158 440 241 471; x_wconf 86' lang='lat' dir='ltr'><strong>riuis.</strong></span> 
     </span>
    </p>

    <p class='ocr_par' dir='ltr' id='par_1_4' title="bbox 159 483 1042 558">
     <span class='ocr_line' id='line_1_8' title="bbox 207 483 1042 525; baseline 0.001 -12"><span class='ocrx_word' id='word_1_54' title='bbox 207 485 367 522; x_wconf 72' lang='grc' dir='ltr'><strong>Τιηιοεῖεε,</strong></span> <span class='ocrx_word' id='word_1_55' title='bbox 386 486 487 517; x_wconf 89' lang='lat' dir='ltr'><strong>Pison.</strong></span> <span class='ocrx_word' id='word_1_56' title='bbox 505 487 556 518; x_wconf 88' lang='lat'><strong>36.</strong></span> <span class='ocrx_word' id='word_1_57' title='bbox 576 487 710 525; x_wconf 78' lang='lat' dir='ltr'><strong>saltator,</strong></span> <span class='ocrx_word' id='word_1_58' title='bbox 734 486 772 516; x_wconf 79' lang='lat'><strong>1..</strong></span> <span class='ocrx_word' id='word_1_59' title='bbox 789 484 929 516; x_wconf 85' lang='lat' dir='ltr'><strong>Pisonis&#39;</strong></span> <span class='ocrx_word' id='word_1_60' title='bbox 921 494 953 515; x_wconf 88' lang='lat' dir='ltr'><strong>m</strong></span> <span class='ocrx_word' id='word_1_61' title='bbox 969 483 1042 515; x_wconf 89' lang='lat' dir='ltr'><strong>Ma-</strong></span> 
     </span>
     <span class='ocr_line' id='line_1_9' title="bbox 159 526 406 558; baseline 0.008 -2"><span class='ocrx_word' id='word_1_62' title='bbox 159 526 213 556; x_wconf 88' lang='lat' dir='ltr'><strong>ced</strong></span> <span class='ocrx_word' id='word_1_63' title='bbox 221 528 283 557; x_wconf 58' lang='lat' dir='ltr'><strong>»nia</strong></span> <span class='ocrx_word' id='word_1_64' title='bbox 298 538 406 558; x_wconf 82' lang='lat' dir='ltr'><strong>comes.</strong></span> 
     </span>
    </p>

    <p class='ocr_par' dir='ltr' id='par_1_5' title="bbox 156 569 1043 949">
     <span class='ocr_line' id='line_1_10' title="bbox 206 569 1041 611; baseline 0 -12"><span class='ocrx_word' id='word_1_65' title='bbox 206 571 404 608; x_wconf 80' lang='lat' dir='ltr'><strong>Timocrates,</strong></span> <span class='ocrx_word' id='word_1_66' title='bbox 423 572 496 602; x_wconf 84' lang='lat' dir='ltr'><strong>Nat.</strong></span> <span class='ocrx_word' id='word_1_67' title='bbox 518 572 559 601; x_wconf 93' lang='lat' dir='ltr'><strong>D.</strong></span> <span class='ocrx_word' id='word_1_68' title='bbox 580 571 607 609; x_wconf 91' lang='lat' dir='ltr'><strong>I,</strong></span> <span class='ocrx_word' id='word_1_69' title='bbox 629 575 680 602; x_wconf 79' lang='lat'><strong>33.</strong></span> <span class='ocrx_word' id='word_1_70' title='bbox 708 571 876 602; x_wconf 84' lang='lat' dir='ltr'>Metrodori</span> <span class='ocrx_word' id='word_1_71' title='bbox 899 569 1041 611; x_wconf 87' lang='lat' dir='ltr'>Epicurei</span> 
     </span>
     <span class='ocr_line' id='line_1_11' title="bbox 157 612 1042 655; baseline 0 -13"><span class='ocrx_word' id='word_1_72' title='bbox 157 612 260 649; x_wconf 86' lang='lat' dir='ltr'><strong>frater,</strong></span> <span class='ocrx_word' id='word_1_73' title='bbox 278 614 350 653; x_wconf 85' lang='lat' dir='ltr'><strong>quia</strong></span> <span class='ocrx_word' id='word_1_74' title='bbox 365 615 463 645; x_wconf 86' lang='lat' dir='ltr'><strong>nescio</strong></span> <span class='ocrx_word' id='word_1_75' title='bbox 487 615 562 655; x_wconf 88' lang='lat' dir='ltr'><strong>quid</strong></span> <span class='ocrx_word' id='word_1_76' title='bbox 584 617 622 645; x_wconf 83' lang='lat' dir='ltr'><strong>ab</strong></span> <span class='ocrx_word' id='word_1_77' title='bbox 645 614 778 654; x_wconf 87' lang='lat' dir='ltr'>Epicuro</span> <span class='ocrx_word' id='word_1_78' title='bbox 799 614 945 650; x_wconf 82' lang='lat' dir='ltr'><strong>dissentit,</strong></span> <span class='ocrx_word' id='word_1_79' title='bbox 971 612 1042 642; x_wconf 82' lang='lat' dir='ltr'><strong>totis</strong></span> 
     </span>
     <span class='ocr_line' id='line_1_12' title="bbox 158 655 1042 687; baseline 0 -3"><span class='ocrx_word' id='word_1_80' title='bbox 158 655 364 686; x_wconf 84' lang='lat' dir='ltr'><strong>voluminibus</strong></span> <span class='ocrx_word' id='word_1_81' title='bbox 380 659 417 687; x_wconf 95' lang='lat' dir='ltr'><strong>ab</strong></span> <span class='ocrx_word' id='word_1_82' title='bbox 434 668 468 687; x_wconf 90' lang='lat' dir='ltr'><strong>eo</strong></span> <span class='ocrx_word' id='word_1_83' title='bbox 483 657 657 687; x_wconf 75' lang='lat' dir='ltr'><strong>conciditur.</strong></span> <span class='ocrx_word' id='word_1_84' title='bbox 681 657 753 687; x_wconf 90' lang='lat' dir='ltr'><strong>ibid.</strong></span> <span class='ocrx_word' id='word_1_85' title='bbox 771 660 823 686; x_wconf 79' lang='lat'><strong>40.</strong></span> <span class='ocrx_word' id='word_1_86' title='bbox 848 667 866 686; x_wconf 85' lang='lat' dir='ltr'><strong>a</strong></span> <span class='ocrx_word' id='word_1_87' title='bbox 888 656 979 686; x_wconf 87' lang='lat' dir='ltr'><strong>fratre</strong></span> <span class='ocrx_word' id='word_1_88' title='bbox 994 665 1042 685; x_wconf 86' lang='lat' dir='ltr'><strong>re-</strong></span> 
     </span>
     <span class='ocr_line' id='line_1_13' title="bbox 157 698 1043 746; baseline 0 -19"><span class='ocrx_word' id='word_1_89' title='bbox 157 698 365 746; x_wconf 76' lang='lat' dir='ltr'><strong>prehenditur,</strong></span> <span class='ocrx_word' id='word_1_90' title='bbox 381 700 464 740; x_wconf 89' lang='lat' dir='ltr'><strong>quod</strong></span> <span class='ocrx_word' id='word_1_91' title='bbox 479 700 595 731; x_wconf 88' lang='lat' dir='ltr'><strong>dubitet</strong></span> <span class='ocrx_word' id='word_1_92' title='bbox 611 700 704 730; x_wconf 86' lang='lat' dir='ltr'><strong>vitam</strong></span> <span class='ocrx_word' id='word_1_93' title='bbox 726 702 844 730; x_wconf 87' lang='lat' dir='ltr'><strong>beatam</strong></span> <span class='ocrx_word' id='word_1_94' title='bbox 860 705 963 729; x_wconf 86' lang='lat' dir='ltr'><strong>ventre</strong></span> <span class='ocrx_word' id='word_1_95' title='bbox 977 708 1043 727; x_wconf 88' lang='lat' dir='ltr'><strong>me-</strong></span> 
     </span>
     <span class='ocr_line' id='line_1_14' title="bbox 158 740 1043 783; baseline 0.001 -14"><span class='ocrx_word' id='word_1_96' title='bbox 158 740 218 777; x_wconf 79' lang='lat' dir='ltr'><strong>tiri,</strong></span> <span class='ocrx_word' id='word_1_97' title='bbox 236 741 298 771; x_wconf 90' lang='lat' dir='ltr'><strong>scil.</strong></span> <span class='ocrx_word' id='word_1_98' title='bbox 314 741 346 771; x_wconf 89' lang='lat' dir='ltr'><strong>in</strong></span> <span class='ocrx_word' id='word_1_99' title='bbox 366 742 461 780; x_wconf 87' lang='lat' dir='ltr'><strong>libris,</strong></span> <span class='ocrx_word' id='word_1_100' title='bbox 484 753 558 783; x_wconf 91' lang='lat' dir='ltr'><strong>quos</strong></span> <span class='ocrx_word' id='word_1_101' title='bbox 579 752 681 773; x_wconf 88' lang='lat' dir='ltr'><strong>contra</strong></span> <span class='ocrx_word' id='word_1_102' title='bbox 696 753 766 773; x_wconf 89' lang='lat' dir='ltr'><strong>eum</strong></span> <span class='ocrx_word' id='word_1_103' title='bbox 787 741 913 782; x_wconf 86' lang='lat' dir='ltr'><strong>scripsit.</strong></span> <span class='ocrx_word' id='word_1_104' title='bbox 941 741 1043 771; x_wconf 82' lang='lat' dir='ltr'><strong>Lae&#39;rt.</strong></span> 
     </span>
     <span class='ocr_line' id='line_1_15' title="bbox 156 782 1037 826; baseline 0.001 -14"><span class='ocrx_word' id='word_1_105' title='bbox 156 782 201 820; x_wconf 90' lang='lat' dir='ltr'>X,</span> <span class='ocrx_word' id='word_1_106' title='bbox 219 787 270 813; x_wconf 79' lang='lat'><strong>23.</strong></span> <span class='ocrx_word' id='word_1_107' title='bbox 287 785 429 815; x_wconf 84' lang='lat' dir='ltr'><strong>eumdem</strong></span> <span class='ocrx_word' id='word_1_108' title='bbox 450 792 550 815; x_wconf 86' lang='lat' dir='ltr'><strong>tamen</strong></span> <span class='ocrx_word' id='word_1_109' title='bbox 567 786 719 826; x_wconf 84' lang='lat' dir='ltr'><strong>Epicurus</strong></span> <span class='ocrx_word' id='word_1_110' title='bbox 731 786 809 815; x_wconf 86' lang='lat' dir='ltr'><strong>inter</strong></span> <span class='ocrx_word' id='word_1_111' title='bbox 823 784 956 814; x_wconf 85' lang='lat' dir='ltr'><strong>haeredes</strong></span> <span class='ocrx_word' id='word_1_112' title='bbox 968 793 1037 814; x_wconf 90' lang='lat' dir='ltr'><strong>suos</strong></span> 
     </span>
     <span class='ocr_line' id='line_1_16' title="bbox 157 826 1042 874; baseline 0.001 -20"><span class='ocrx_word' id='word_1_113' title='bbox 157 826 284 874; x_wconf 82' lang='lat' dir='ltr'><strong>scripsit.</strong></span> <span class='ocrx_word' id='word_1_114' title='bbox 308 827 348 856; x_wconf 92' lang='lat' dir='ltr'><strong>V.</strong></span> <span class='ocrx_word' id='word_1_115' title='bbox 365 828 402 857; x_wconf 92' lang='lat' dir='ltr'><strong>de</strong></span> <span class='ocrx_word' id='word_1_116' title='bbox 418 828 486 858; x_wconf 87' lang='lat' dir='ltr'><strong>Fin.</strong></span> <span class='ocrx_word' id='word_1_117' title='bbox 503 828 549 865; x_wconf 89' lang='grc' dir='ltr'><strong>ΙΙ,</strong></span> <span class='ocrx_word' id='word_1_118' title='bbox 566 830 617 858; x_wconf 86' lang='grc'><strong>31.</strong></span> <span class='ocrx_word' id='word_1_119' title='bbox 642 829 869 869; x_wconf 82' lang='lat' dir='ltr'><strong>Lampsacenus</strong></span> <span class='ocrx_word' id='word_1_120' title='bbox 888 836 928 857; x_wconf 88' lang='lat' dir='ltr'><strong>an</strong></span> <span class='ocrx_word' id='word_1_121' title='bbox 944 826 1042 856; x_wconf 82' lang='lat' dir='ltr'><strong>Athe-</strong></span> 
     </span>
     <span class='ocr_line' id='line_1_17' title="bbox 158 868 1041 911; baseline 0.001 -14"><span class='ocrx_word' id='word_1_122' title='bbox 158 868 269 898; x_wconf 86' lang='lat' dir='ltr'><strong>niensis</strong></span> <span class='ocrx_word' id='word_1_123' title='bbox 284 869 385 907; x_wconf 88' lang='lat' dir='ltr'><strong>fuerit,</strong></span> <span class='ocrx_word' id='word_1_124' title='bbox 402 881 499 911; x_wconf 87' lang='lat' dir='ltr'><strong>aeque,</strong></span> <span class='ocrx_word' id='word_1_125' title='bbox 510 878 544 901; x_wconf 93' lang='lat' dir='ltr'><strong>ut</strong></span> <span class='ocrx_word' id='word_1_126' title='bbox 559 871 596 901; x_wconf 90' lang='lat' dir='ltr'><strong>de</strong></span> <span class='ocrx_word' id='word_1_127' title='bbox 611 871 712 907; x_wconf 83' lang='lat' dir='ltr'><strong>fratre,</strong></span> <span class='ocrx_word' id='word_1_128' title='bbox 723 871 894 911; x_wconf 87' lang='lat' dir='ltr'><strong>disputatur</strong></span> <span class='ocrx_word' id='word_1_129' title='bbox 903 880 950 910; x_wconf 85' lang='lat' dir='ltr'><strong>ap.</strong></span> <span class='ocrx_word' id='word_1_130' title='bbox 961 869 1041 899; x_wconf 81' lang='lat' dir='ltr'><strong>Jon-</strong></span> 
     </span>
     <span class='ocr_line' id='line_1_18' title="bbox 159 910 896 954; baseline 0.003 -14"><span class='ocrx_word' id='word_1_131' title='bbox 159 910 250 949; x_wconf 86' lang='lat' dir='ltr'><strong>sium,</strong></span> <span class='ocrx_word' id='word_1_132' title='bbox 268 911 296 948; x_wconf 90' lang='grc' dir='ltr'><strong>Ι,</strong></span> <span class='ocrx_word' id='word_1_133' title='bbox 314 915 364 942; x_wconf 85' lang='grc'><strong>20.</strong></span> <span class='ocrx_word' id='word_1_134' title='bbox 381 915 411 943; x_wconf 90' lang='grc'><strong>3.</strong></span> <span class='ocrx_word' id='word_1_135' title='bbox 426 921 454 943; x_wconf 89' lang='lat' dir='ltr'><strong>et</strong></span> <span class='ocrx_word' id='word_1_136' title='bbox 471 914 596 954; x_wconf 80' lang='lat' dir='ltr'><strong>Menag.</strong></span> <span class='ocrx_word' id='word_1_137' title='bbox 612 914 650 943; x_wconf 86' lang='lat' dir='ltr'><strong>ad</strong></span> <span class='ocrx_word' id='word_1_138' title='bbox 667 914 769 944; x_wconf 83' lang='lat' dir='ltr'><strong>Lae&#39;rt.</strong></span> <span class='ocrx_word' id='word_1_139' title='bbox 786 913 827 951; x_wconf 91' lang='lat' dir='ltr'>X,</span> <span class='ocrx_word' id='word_1_140' title='bbox 845 916 896 942; x_wconf 88' lang='grc'><strong>22.</strong></span> 
     </span>
    </p>

    <p class='ocr_par' dir='ltr' id='par_1_6' title="bbox 157 954 1040 1029">
     <span class='ocr_line' id='line_1_19' title="bbox 206 954 1040 996; baseline 0.002 -13"><span class='ocrx_word' id='word_1_141' title='bbox 206 956 377 991; x_wconf 80' lang='lat' dir='ltr'><strong>Timoleon,</strong></span> <span class='ocrx_word' id='word_1_142' title='bbox 393 956 432 986; x_wconf 85' lang='lat' dir='ltr'><strong>ad</strong></span> <span class='ocrx_word' id='word_1_143' title='bbox 450 956 522 987; x_wconf 86' lang='lat' dir='ltr'><strong>Div.</strong></span> <span class='ocrx_word' id='word_1_144' title='bbox 541 957 581 995; x_wconf 89' lang='lat' dir='ltr'><strong>V,</strong></span> <span class='ocrx_word' id='word_1_145' title='bbox 602 958 648 986; x_wconf 90' lang='grc'><strong>12.</strong></span> <span class='ocrx_word' id='word_1_146' title='bbox 666 957 732 996; x_wconf 89' lang='lat' dir='ltr'><strong>ejus</strong></span> <span class='ocrx_word' id='word_1_147' title='bbox 747 966 793 986; x_wconf 90' lang='lat' dir='ltr'><strong>res</strong></span> <span class='ocrx_word' id='word_1_148' title='bbox 807 961 898 996; x_wconf 87' lang='lat' dir='ltr'><strong>gestae</strong></span> <span class='ocrx_word' id='word_1_149' title='bbox 912 954 1040 996; x_wconf 77' lang='lat' dir='ltr'><strong>proditae</strong></span> 
     </span>
     <span class='ocr_line' id='line_1_20' title="bbox 157 998 406 1029; baseline 0.012 -3"><span class='ocrx_word' id='word_1_150' title='bbox 157 1003 229 1027; x_wconf 84' lang='lat' dir='ltr'><strong>sunt</strong></span> <span class='ocrx_word' id='word_1_151' title='bbox 244 1008 262 1027; x_wconf 87' lang='lat' dir='ltr'><strong>a</strong></span> <span class='ocrx_word' id='word_1_152' title='bbox 277 998 406 1029; x_wconf 88' lang='lat' dir='ltr'><strong>Timaeo.</strong></span> 
     </span>
    </p>

    <p class='ocr_par' dir='ltr' id='par_1_7' title="bbox 157 1039 1043 1123">
     <span class='ocr_line' id='line_1_21' title="bbox 206 1039 1043 1079; baseline 0.001 -10"><span class='ocrx_word' id='word_1_153' title='bbox 206 1041 329 1077; x_wconf 68' lang='lat' dir='ltr'><strong>Timon,</strong></span> <span class='ocrx_word' id='word_1_154' title='bbox 345 1041 374 1070; x_wconf 89' lang='lat' dir='ltr'>T</span> <span class='ocrx_word' id='word_1_155' title='bbox 376 1052 435 1072; x_wconf 85' lang='lat' dir='ltr'><strong>use.</strong></span> <span class='ocrx_word' id='word_1_156' title='bbox 448 1041 507 1079; x_wconf 93' lang='lat' dir='ltr'><strong>IV,</strong></span> <span class='ocrx_word' id='word_1_157' title='bbox 527 1043 576 1072; x_wconf 91' lang='grc'><strong>11.</strong></span> <span class='ocrx_word' id='word_1_158' title='bbox 591 1042 694 1073; x_wconf 86' lang='lat' dir='ltr'><strong>Amic.</strong></span> <span class='ocrx_word' id='word_1_159' title='bbox 710 1042 761 1072; x_wconf 83' lang='lat'><strong>23.</strong></span> <span class='ocrx_word' id='word_1_160' title='bbox 774 1040 981 1079; x_wconf 80' lang='lat' dir='ltr'><strong>Atheniensis,</strong></span> <span class='ocrx_word' id='word_1_161' title='bbox 993 1039 1043 1070; x_wconf 89' lang='lat' dir='ltr'><strong>fu-</strong></span> 
     </span>
     <span class='ocr_line' id='line_1_22' title="bbox 157 1082 574 1123; baseline 0.007 -11"><span class='ocrx_word' id='word_1_162' title='bbox 157 1082 203 1123; x_wconf 89' lang='lat' dir='ltr'><strong>git</strong></span> <span class='ocrx_word' id='word_1_163' title='bbox 217 1093 392 1123; x_wconf 85' lang='lat' dir='ltr'><strong>congressus</strong></span> <span class='ocrx_word' id='word_1_164' title='bbox 404 1084 574 1115; x_wconf 83' lang='lat' dir='ltr'><strong>hominum.</strong></span> 
     </span>
    </p>

    <p class='ocr_par' dir='ltr' id='par_1_8' title="bbox 157 1126 1041 1296">
     <span class='ocr_line' id='line_1_23' title="bbox 207 1126 1040 1166; baseline 0 -11"><span class='ocrx_word' id='word_1_165' title='bbox 207 1127 393 1163; x_wconf 70' lang='lat' dir='ltr'><strong>Timotheus,</strong></span> <span class='ocrx_word' id='word_1_166' title='bbox 411 1128 502 1158; x_wconf 77' lang='lat' dir='ltr'><strong>Tusc.</strong></span> <span class='ocrx_word' id='word_1_167' title='bbox 520 1129 561 1165; x_wconf 89' lang='lat' dir='ltr'><strong>V,</strong></span> <span class='ocrx_word' id='word_1_168' title='bbox 577 1129 628 1158; x_wconf 87' lang='lat'><strong>31.</strong></span> <span class='ocrx_word' id='word_1_169' title='bbox 651 1127 847 1157; x_wconf 80' lang='lat' dir='ltr'><strong>Atheniensis</strong></span> <span class='ocrx_word' id='word_1_170' title='bbox 865 1126 1040 1166; x_wconf 87' lang='lat' dir='ltr'><strong>imperator,</strong></span> 
     </span>
     <span class='ocr_line' id='line_1_24' title="bbox 158 1168 1041 1206; baseline 0.001 -9"><span class='ocrx_word' id='word_1_171' title='bbox 158 1178 255 1199; x_wconf 85' lang='lat' dir='ltr'><strong>coenas</strong></span> <span class='ocrx_word' id='word_1_172' title='bbox 271 1170 522 1201; x_wconf 84' lang='lat' dir='ltr'><strong>Academicorum</strong></span> <span class='ocrx_word' id='word_1_173' title='bbox 540 1171 654 1200; x_wconf 76' lang='lat' dir='ltr'><strong>laudat.</strong></span> <span class='ocrx_word' id='word_1_174' title='bbox 678 1170 734 1200; x_wconf 92' lang='lat' dir='ltr'><strong>Or.</strong></span> <span class='ocrx_word' id='word_1_175' title='bbox 753 1170 819 1206; x_wconf 93' lang='lat' dir='ltr'><strong>III,</strong></span> <span class='ocrx_word' id='word_1_176' title='bbox 836 1170 887 1199; x_wconf 80' lang='grc'><strong>3-1.</strong></span> <span class='ocrx_word' id='word_1_177' title='bbox 906 1168 1041 1199; x_wconf 87' lang='lat' dir='ltr'><strong>Cononis</strong></span> 
     </span>
     <span class='ocr_line' id='line_1_25' title="bbox 157 1210 1037 1254; baseline 0.002 -14"><span class='ocrx_word' id='word_1_178' title='bbox 157 1210 250 1249; x_wconf 88' lang='lat' dir='ltr'><strong>filius,</strong></span> <span class='ocrx_word' id='word_1_179' title='bbox 273 1213 435 1243; x_wconf 80' lang='lat' dir='ltr'><strong>Isocratem</strong></span> <span class='ocrx_word' id='word_1_180' title='bbox 460 1219 672 1254; x_wconf 82' lang='lat' dir='ltr'><strong>praeceptorem</strong></span> <span class='ocrx_word' id='word_1_181' title='bbox 692 1212 808 1243; x_wconf 85' lang='lat' dir='ltr'><strong>habuit.</strong></span> <span class='ocrx_word' id='word_1_182' title='bbox 832 1211 922 1243; x_wconf 87' lang='lat' dir='ltr'><strong>Offic.</strong></span> <span class='ocrx_word' id='word_1_183' title='bbox 940 1211 967 1249; x_wconf 90' lang='lat'><strong>1,</strong></span> <span class='ocrx_word' id='word_1_184' title='bbox 985 1214 1037 1242; x_wconf 80' lang='lat'><strong>32.</strong></span> 
     </span>
     <span class='ocr_line' id='line_1_26' title="bbox 158 1254 658 1296; baseline 0.004 -13"><span class='ocrx_word' id='word_1_185' title='bbox 158 1254 231 1284; x_wconf 79' lang='lat' dir='ltr'><strong>belh·</strong></span> <span class='ocrx_word' id='word_1_186' title='bbox 247 1255 342 1294; x_wconf 65' lang='lat' dir='ltr'><strong>gloria</strong></span> <span class='ocrx_word' id='word_1_187' title='bbox 357 1262 441 1296; x_wconf 79' lang='lat' dir='ltr'><strong>patre</strong></span> <span class='ocrx_word' id='word_1_188' title='bbox 456 1266 516 1286; x_wconf 87' lang='lat' dir='ltr'><strong>non</strong></span> <span class='ocrx_word' id='word_1_189' title='bbox 528 1256 658 1286; x_wconf 79' lang='lat' dir='ltr'><strong>inferior.</strong></span> 
     </span>
    </p>

    <p class='ocr_par' dir='ltr' id='par_1_9' title="bbox 155 1297 1044 1595">
     <span class='ocr_line' id='line_1_27' title="bbox 207 1297 1043 1338; baseline 0 -12"><span class='ocrx_word' id='word_1_190' title='bbox 207 1298 394 1335; x_wconf 71' lang='lat' dir='ltr'><strong>Timotheus,</strong></span> <span class='ocrx_word' id='word_1_191' title='bbox 418 1299 571 1336; x_wconf 85' lang='lat' dir='ltr'><strong>Milesius,</strong></span> <span class='ocrx_word' id='word_1_192' title='bbox 598 1299 672 1338; x_wconf 81' lang='lat' dir='ltr'><strong>Leg.</strong></span> <span class='ocrx_word' id='word_1_193' title='bbox 701 1297 747 1335; x_wconf 93' lang='grc' dir='ltr'><strong>ΙΙ,</strong></span> <span class='ocrx_word' id='word_1_194' title='bbox 776 1298 823 1327; x_wconf 85' lang='grc'><strong>15.</strong></span> <span class='ocrx_word' id='word_1_195' title='bbox 847 1306 919 1327; x_wconf 85' lang='lat' dir='ltr'><strong>cum</strong></span> <span class='ocrx_word' id='word_1_196' title='bbox 940 1297 1043 1337; x_wconf 87' lang='lat' dir='ltr'><strong>plures</strong></span> 
     </span>
     <span class='ocr_line' id='line_1_28' title="bbox 159 1321 1044 1387; baseline 0.001 -19"><span class='ocrx_word' id='word_1_197' title='bbox 159 1349 254 1387; x_wconf 70' lang='lat' dir='ltr'><strong>quam</strong></span> <span class='ocrx_word' id='word_1_198' title='bbox 269 1348 384 1381; x_wconf 83' lang='lat' dir='ltr'><strong>septem</strong></span> <span class='ocrx_word' id='word_1_199' title='bbox 402 1351 507 1372; x_wconf 85' lang='lat' dir='ltr'><strong>nervos</strong></span> <span class='ocrx_word' id='word_1_200' title='bbox 522 1342 553 1371; x_wconf 87' lang='lat' dir='ltr'><strong>in</strong></span> <span class='ocrx_word' id='word_1_201' title='bbox 574 1341 684 1371; x_wconf 88' lang='lat' dir='ltr'><strong>fidibus</strong></span> <span class='ocrx_word' id='word_1_202' title='bbox 698 1321 832 1376; x_wconf 70' lang='lat' dir='ltr'><strong>haberet,</strong></span> <span class='ocrx_word' id='word_1_203' title='bbox 850 1340 1044 1370; x_wconf 82' lang='lat' dir='ltr'><strong>Lacedaemo·</strong></span> 
     </span>
     <span class='ocr_line' id='line_1_29' title="bbox 156 1382 1042 1424; baseline 0 -13"><span class='ocrx_word' id='word_1_204' title='bbox 156 1382 200 1411; x_wconf 81' lang='lat' dir='ltr'><strong>nii</strong></span> <span class='ocrx_word' id='word_1_205' title='bbox 224 1393 273 1413; x_wconf 88' lang='lat' dir='ltr'><strong>eos</strong></span> <span class='ocrx_word' id='word_1_206' title='bbox 298 1384 379 1414; x_wconf 88' lang='lat' dir='ltr'><strong>demi</strong></span> <span class='ocrx_word' id='word_1_207' title='bbox 406 1385 570 1423; x_wconf 85' lang='lat' dir='ltr'><strong>jusserunt.</strong></span> <span class='ocrx_word' id='word_1_208' title='bbox 601 1385 682 1414; x_wconf 85' lang='lat' dir='ltr'><strong>Rem</strong></span> <span class='ocrx_word' id='word_1_209' title='bbox 710 1383 802 1424; x_wconf 89' lang='lat' dir='ltr'><strong>paulo</strong></span> <span class='ocrx_word' id='word_1_210' title='bbox 831 1383 917 1413; x_wconf 78' lang='lat' dir='ltr'><strong>aliter</strong></span> <span class='ocrx_word' id='word_1_211' title='bbox 941 1387 1042 1412; x_wconf 84' lang='lat' dir='ltr'><strong>nan-at</strong></span> 
     </span>
     <span class='ocr_line' id='line_1_30' title="bbox 156 1425 1039 1464; baseline -0.002 -10"><span class='ocrx_word' id='word_1_212' title='bbox 156 1425 335 1462; x_wconf 87' lang='lat' dir='ltr'><strong>Athenaeus,</strong></span> <span class='ocrx_word' id='word_1_213' title='bbox 355 1426 448 1464; x_wconf 89' lang='lat' dir='ltr'><strong>XIV,</strong></span> <span class='ocrx_word' id='word_1_214' title='bbox 466 1430 495 1458; x_wconf 82' lang='grc'><strong>9.</strong></span> <span class='ocrx_word' id='word_1_215' title='bbox 520 1437 557 1457; x_wconf 80' lang='lat' dir='ltr'><strong>ex</strong></span> <span class='ocrx_word' id='word_1_216' title='bbox 574 1427 740 1456; x_wconf 89' lang='lat' dir='ltr'><strong>Artemone</strong></span> <span class='ocrx_word' id='word_1_217' title='bbox 764 1431 832 1464; x_wconf 78' lang='grc' dir='ltr'><strong>Περι</strong></span> <span class='ocrx_word' id='word_1_218' title='bbox 858 1431 1039 1454; x_wconf 68' lang='grc' dir='ltr'><strong>Διονυσικκου</strong></span> 
     </span>
     <span class='ocr_line' id='line_1_31' title="bbox 159 1466 1041 1510; baseline 0.001 -15"><span class='ocrx_word' id='word_1_219' title='bbox 159 1470 380 1505; x_wconf 46' lang='lat' dir='ltr'><strong>Eme-muana</strong></span> <span class='ocrx_word' id='word_1_220' title='bbox 406 1469 453 1500; x_wconf 82' lang='lat' dir='ltr'><strong>Cf.</strong></span> <span class='ocrx_word' id='word_1_221' title='bbox 481 1470 627 1510; x_wconf 86' lang='lat' dir='ltr'><strong>Leopard.</strong></span> <span class='ocrx_word' id='word_1_222' title='bbox 648 1468 779 1499; x_wconf 87' lang='lat' dir='ltr'><strong>Emend.</strong></span> <span class='ocrx_word' id='word_1_223' title='bbox 797 1466 894 1505; x_wconf 88' lang='lat' dir='ltr'><strong>VIII,</strong></span> <span class='ocrx_word' id='word_1_224' title='bbox 917 1468 962 1497; x_wconf 72' lang='lat'><strong>14.</strong></span> <span class='ocrx_word' id='word_1_225' title='bbox 987 1466 1041 1497; x_wconf 89' lang='lat' dir='ltr'><strong>ubi</strong></span> 
     </span>
     <span class='ocr_line' id='line_1_32' title="bbox 155 1506 1038 1543; baseline 0.001 -6"><span class='ocrx_word' id='word_1_226' title='bbox 155 1506 309 1540; x_wconf 73' lang='lat' dir='ltr'><strong>decretum</strong></span> <span class='ocrx_word' id='word_1_227' title='bbox 336 1512 636 1543; x_wconf 73' lang='lat' dir='ltr'><strong>Lacedaemoniorum</strong></span> <span class='ocrx_word' id='word_1_228' title='bbox 665 1512 698 1541; x_wconf 86' lang='lat' dir='ltr'><strong>in</strong></span> <span class='ocrx_word' id='word_1_229' title='bbox 726 1511 808 1541; x_wconf 88' lang='lat' dir='ltr'><strong>hunc</strong></span> <span class='ocrx_word' id='word_1_230' title='bbox 838 1509 1038 1540; x_wconf 85' lang='lat' dir='ltr'><strong>Timotheum</strong></span> 
     </span>
     <span class='ocr_line' id='line_1_33' title="bbox 157 1553 572 1595; baseline 0.012 -16"><span class='ocrx_word' id='word_1_231' title='bbox 157 1553 334 1583; x_wconf 71' lang='lat' dir='ltr'><strong>emendatur</strong></span> <span class='ocrx_word' id='word_1_232' title='bbox 349 1561 378 1584; x_wconf 83' lang='lat' dir='ltr'><strong>et</strong></span> <span class='ocrx_word' id='word_1_233' title='bbox 397 1555 572 1595; x_wconf 81' lang='lat' dir='ltr'><strong>explicatur.</strong></span> 
     </span>
    </p>

    <p class='ocr_par' dir='ltr' id='par_1_10' title="bbox 157 1594 1042 1668">
     <span class='ocr_line' id='line_1_34' title="bbox 157 1594 1042 1666; baseline 0 -42"><span class='ocrx_word' id='word_1_234' title='bbox 157 1636 174 1666; x_wconf 73' lang='lat' dir='ltr'>f</span> <span class='ocrx_word' id='word_1_235' title='bbox 205 1596 240 1625; x_wconf 88' lang='grc' dir='ltr'><strong>Τ.</strong></span> <span class='ocrx_word' id='word_1_236' title='bbox 263 1597 389 1634; x_wconf 71' lang='grc' dir='ltr'><strong>Τιἰιεαε,</strong></span> <span class='ocrx_word' id='word_1_237' title='bbox 408 1598 611 1628; x_wconf 84' lang='lat' dir='ltr'><strong>Placentinus.</strong></span> <span class='ocrx_word' id='word_1_238' title='bbox 634 1597 723 1627; x_wconf 78' lang='lat' dir='ltr'><strong>Brut.</strong></span> <span class='ocrx_word' id='word_1_239' title='bbox 739 1597 790 1626; x_wconf 78' lang='lat'><strong>46.</strong></span> <span class='ocrx_word' id='word_1_240' title='bbox 808 1595 900 1625; x_wconf 88' lang='lat' dir='ltr'><strong>homo</strong></span> <span class='ocrx_word' id='word_1_241' title='bbox 911 1594 999 1625; x_wconf 83' lang='lat' dir='ltr'><strong>dicax</strong></span> <span class='ocrx_word' id='word_1_242' title='bbox 1012 1599 1042 1625; x_wconf 87' lang='lat' dir='ltr'><strong>et</strong></span> 
     </span>
     <span class='ocr_line' id='line_1_35' title="bbox 171 1644 281 1668; baseline 0.018 -2"><span class='ocrx_word' id='word_1_243' title='bbox 171 1644 281 1668; x_wconf 72' lang='lat' dir='ltr'><strong>anetus.</strong></span> 
     </span>
    </p>

    <p class='ocr_par' dir='ltr' id='par_1_11' title="bbox 155 1679 1041 1765">
     <span class='ocr_line' id='line_1_36' title="bbox 204 1679 1041 1721; baseline 0 -12"><span class='ocrx_word' id='word_1_244' title='bbox 204 1681 352 1719; x_wconf 76' lang='lat' dir='ltr'><strong>Tiresias,</strong></span> <span class='ocrx_word' id='word_1_245' title='bbox 369 1682 461 1713; x_wconf 76' lang='lat' dir='ltr'><strong>Tusc.</strong></span> <span class='ocrx_word' id='word_1_246' title='bbox 479 1683 521 1719; x_wconf 89' lang='lat' dir='ltr'><strong>V,</strong></span> <span class='ocrx_word' id='word_1_247' title='bbox 538 1684 589 1713; x_wconf 73' lang='lat'><strong>33.</strong></span> <span class='ocrx_word' id='word_1_248' title='bbox 612 1682 683 1712; x_wconf 86' lang='lat' dir='ltr'><strong>Div.</strong></span> <span class='ocrx_word' id='word_1_249' title='bbox 701 1680 728 1719; x_wconf 92' lang='lat' dir='ltr'><strong>I,</strong></span> <span class='ocrx_word' id='word_1_250' title='bbox 747 1682 798 1711; x_wconf 70' lang='lat'><strong>40.</strong></span> <span class='ocrx_word' id='word_1_251' title='bbox 826 1679 871 1717; x_wconf 86' lang='grc' dir='ltr'><strong>ΙΙ,</strong></span> <span class='ocrx_word' id='word_1_252' title='bbox 889 1683 919 1710; x_wconf 90' lang='grc'><strong>2.</strong></span> <span class='ocrx_word' id='word_1_253' title='bbox 942 1690 1041 1721; x_wconf 82' lang='lat' dir='ltr'><strong>augur</strong></span> 
     </span>
     <span class='ocr_line' id='line_1_37' title="bbox 155 1721 768 1765; baseline 0.002 -12"><span class='ocrx_word' id='word_1_254' title='bbox 155 1721 253 1754; x_wconf 81' lang='lat' dir='ltr'><strong>clarus</strong></span> <span class='ocrx_word' id='word_1_255' title='bbox 268 1731 297 1754; x_wconf 89' lang='lat' dir='ltr'><strong>et</strong></span> <span class='ocrx_word' id='word_1_256' title='bbox 312 1732 468 1765; x_wconf 82' lang='lat' dir='ltr'><strong>praestans,</strong></span> <span class='ocrx_word' id='word_1_257' title='bbox 482 1725 533 1755; x_wconf 88' lang='lat' dir='ltr'><strong>sed</strong></span> <span class='ocrx_word' id='word_1_258' title='bbox 548 1725 641 1756; x_wconf 77' lang='lat' dir='ltr'><strong>oculis</strong></span> <span class='ocrx_word' id='word_1_259' title='bbox 653 1731 768 1765; x_wconf 86' lang='lat' dir='ltr'><strong>captus.</strong></span> 
     </span>
    </p>

    <p class='ocr_par' dir='ltr' id='par_1_12' title="bbox 201 1764 1037 1807">
     <span class='ocr_line' id='line_1_38' title="bbox 201 1764 1037 1807; baseline 0 -11"><span class='ocrx_word' id='word_1_260' title='bbox 201 1767 231 1796; x_wconf 89' lang='lat' dir='ltr'><strong>T</strong></span> <span class='ocrx_word' id='word_1_261' title='bbox 230 1767 286 1805; x_wconf 78' lang='lat' dir='ltr'><strong>iro,</strong></span> <span class='ocrx_word' id='word_1_262' title='bbox 310 1767 349 1798; x_wconf 88' lang='lat' dir='ltr'><strong>ad</strong></span> <span class='ocrx_word' id='word_1_263' title='bbox 365 1768 437 1798; x_wconf 91' lang='lat' dir='ltr'><strong>Div.</strong></span> <span class='ocrx_word' id='word_1_264' title='bbox 455 1767 534 1807; x_wconf 90' lang='lat' dir='ltr'><strong>VII,</strong></span> <span class='ocrx_word' id='word_1_265' title='bbox 555 1769 606 1799; x_wconf 84' lang='grc'><strong>29.</strong></span> <span class='ocrx_word' id='word_1_266' title='bbox 631 1777 745 1805; x_wconf 84' lang='lat' dir='ltr'><strong>servus,</strong></span> <span class='ocrx_word' id='word_1_267' title='bbox 770 1764 879 1797; x_wconf 83' lang='lat' dir='ltr'><strong>deinde</strong></span> <span class='ocrx_word' id='word_1_268' title='bbox 899 1765 1037 1804; x_wconf 82' lang='lat' dir='ltr'><strong>libertus,</strong></span> 
     </span>
    </p>
   </div>
  </div>
 </body>
</html>
