1137 1848
363 63 511 94 INDEX
536 61 820 93 HISTORICUS.
973 62 1032 92 211

140 147 197 175 bus
217 145 350 177 Athenis
373 154 457 178 erant
483 154 585 188 gestae,
611 148 739 178 oratorio
756 156 873 187 genere,
889 156 950 177 non
977 147 1025 177 hi-

138 188 253 218 storico.
273 189 322 220 De
337 190 394 221 hoc
410 191 470 221 vid.
487 191 652 221 Ruhnken.
665 190 704 220 ad
716 191 870 220 Rutilium
882 190 1021 231 Lupum,

160 251 168 259 .
186 231 217 267 7,
235 234 264 260 8.

137 241 158 271 p
183 274 388 311 Democritus,
404 276 557 316 physicus,
578 276 670 306 Tusc.
688 276 729 307 V.
741 276 790 306 39.
805 275 1023 315 patrimonium

140 326 231 345 suum
247 318 390 358 relinquit
405 319 537 348 discendi
552 319 662 349 studim
683 318 756 347 ibid.
780 328 874 348 caecus
890 319 920 347 fit
935 330 942 347 :
967 328 1024 348 cae-

137 358 257 388 citatem
270 360 376 390 utilem
390 371 452 391 esse
463 361 550 391 (lixit.
569 362 624 392 Or.
637 360 664 396 I,
681 362 728 390 12.
739 366 842 390 ornate
852 360 937 390 dixit.
962 360 1020 390 Or.

137 399 184 437 ΙΙ,
202 403 252 431 46.
269 402 306 432 de
327 403 431 434 Divin.
457 405 484 441 Ι,
510 405 561 439 37.
588 410 688 444 negat,
706 404 769 433 sine
789 403 889 432 furore
915 413 1022 443 quem-

135 453 228 483 quam
252 445 373 485 po'e'tam
389 456 536 486 magnum
552 457 614 477 esse
629 456 723 487 posse.
749 445 802 475 Or.
821 449 871 474 20.
885 447 949 484 ejus
960 445 1023 475 dic-

136 487 178 515 tio
194 496 248 516 cur
262 489 416 518 nonnullis
438 490 548 529 po'e'ma
569 489 714 519 videatur.
738 488 835 518 Acad.
856 487 883 525 Ι,
902 494 930 518 2.
956 489 1021 526 ejus

134 527 258 568 physica
270 532 380 571 recepit
392 532 553 572 Epicurus.
571 532 609 561 ad
622 531 694 561 Div.
710 531 786 567 XV,
803 534 850 560 16.
862 536 931 560 ante
944 530 1020 570 Epi-

134 581 242 601 curum
260 579 422 609 φαυτασιας
437 575 540 603 ειὲωλα
560 574 646 604 dixit.
670 574 767 604 Acad.
785 573 811 611 I,
831 574 879 603 13.
897 574 1020 603 confite-

133 618 184 642 tur
198 614 412 654 ignorantiam,
423 622 457 646 ut
472 618 615 647 Socrates.
632 617 729 646 Acad.
742 617 802 653 IV,
818 617 864 647 17.
880 615 1021 645 innume-

132 656 240 686 rabiles
254 658 385 688 mundos
409 660 523 697 statuit,
552 665 580 689 et
603 659 726 700 quidem
752 659 865 689 multos
885 658 1021 688 absolute

133 709 240 738 pares;
258 700 331 730 item
347 701 505 737 homines3
525 713 594 742 quae
610 702 766 737 sententia,
783 712 847 741 cap.
868 703 916 730 18.
932 711 950 730 a
964 711 1019 741 po-

134 741 283 772 litioribus
298 743 429 783 physicis
449 744 604 774 refellitur.
628 744 724 774 Acad.
737 745 796 781 IV,
813 745 865 778 37.
881 744 918 773 de
929 744 1020 784 pleno

135 789 164 813 et
179 784 262 814 inani
277 786 379 816 omnia
394 786 487 826 gigni.
503 787 540 816 de
556 787 581 816 F
583 787 624 816 in.
643 786 670 823 I,
687 787 716 816 6.
733 787 879 816 sententia
893 787 957 824 ejus
982 786 1020 816 de

132 826 194 856 sole
209 833 238 857 et
257 829 374 857 atomis.
391 829 434 858 N.
454 829 495 858 D.
514 829 541 867 I,
559 832 606 858 12.
623 829 769 868 imagines
784 829 866 858 Deos
890 829 972 865 facit,
989 834 1019 858 et

132 874 272 899 naturam
294 881 343 900 eas
361 871 551 910 fundentem,
573 878 602 902 et
617 871 847 911 intelligentiam
873 877 1018 901 nostram.

133 911 272 942 Incertus
286 913 317 942 in
331 919 392 944 toto
410 914 475 944 loco
491 920 544 944 est.
567 914 640 944 Vid.
657 925 682 944 c.
699 917 750 943 43.
767 914 840 943 ibid.
856 914 906 943 24.
924 913 1017 943 atomi

130 954 400 993 reprehenduntur.
417 957 454 986 de
470 957 543 987 Div.
555 956 583 993 Ι,
601 958 630 985 3.
649 956 694 991 II,
715 957 762 986 13.
786 955 1017 996 praesensionem

130 1005 232 1026 rerum
262 998 433 1028 futurarum
463 1001 660 1040 comprobat,
685 999 716 1028 in
744 1009 804 1039 quo
828 1008 886 1028 non
911 998 1016 1028 inscite

130 1045 271 1078 nugatur.
298 1041 336 1070 de
353 1041 419 1071 Fat.
438 1045 488 1072 10.
511 1049 615 1072 auctor
631 1048 814 1078 atomorum,
840 1041 944 1070 statuit
964 1050 1017 1071 ne-

131 1082 268 1113 cessitate
282 1084 386 1113 omnia
400 1085 474 1114 fieri.

173 1125 385 1164 Democritus,
404 1127 647 1168 gymnasiarcha,
672 1127 762 1158 Verr.
780 1126 822 1164 V,
844 1127 895 1156 42.
922 1126 1016 1168 Tyn-

129 1166 293 1198 daritanus.

172 1211 383 1249 Democritus,
397 1213 466 1243 Att.
480 1212 541 1249 VI,
561 1215 588 1242 1.
604 1223 707 1242 servus
722 1212 829 1242 Attici.

173 1254 381 1292 Democritus,
399 1256 566 1296 Sicyonius.
582 1256 620 1285 ad
639 1255 712 1285 Div.
728 1253 828 1291 XIII,
852 1255 882 1284 8.
905 1255 1014 1296 hospes

133 1293 285 1327 Ciceronis
301 1304 330 1327 et
344 1298 510 1328 familiaris.

176 1339 402 1377 Demosthenes,
428 1340 483 1370 Or.
501 1342 530 1370 4.
555 1340 691 1370 Platonis
720 1339 860 1380 frequens
886 1339 1014 1370 auditor.

131 1381 182 1410 26.
195 1382 297 1413 minus
312 1383 435 1413 facetus.
459 1384 552 1413 Tusc.
571 1382 636 1419 ΙΙΙ,
647 1384 697 1412 26.
709 1384 746 1413 ab
757 1383 901 1412 AEschine
916 1392 1016 1422 repre-

131 1423 284 1461 henditur,
307 1426 389 1466 quod
404 1426 495 1456 nimis
510 1426 604 1455 filiam
620 1425 741 1455 luxerit.
757 1425 800 1461 V,
816 1426 868 1454 36.
891 1425 1016 1454 mulier-

131 1466 207 1496 eulae
221 1467 362 1498 laudibus
378 1468 503 1508 capitur.
520 1468 592 1498 Div.
610 1467 657 1505 II,
674 1468 724 1497 46.
749 1469 817 1497 Rho
832 1467 928 1498 dicere
944 1477 1015 1497 cum

131 1509 280 1549 nequiret,
303 1511 514 1541 exercitatione
529 1511 637 1547 effecit,
657 1515 691 1540 ut
706 1510 879 1550 planissime
893 1510 1014 1540 diceret.

128 1549 175 1588 II,
192 1553 243 1586 57.
268 1553 413 1593 Pythiam
425 1553 503 1583 dixit
518 1555 703 1589 Φιλιππιζειν,
721 1554 777 1583 &G
791 1554 848 1583 &c-

173 1595 402 1633 Demostratus,
432 1596 471 1626 ad
495 1595 570 1626 Div.
596 1594 696 1634 XIII,
720 1596 772 1625 32.
801 1595 927 1626 libertus
954 1594 1014 1627 Cn.

130 1635 252 1667 Octavii
270 1639 410 1669 Nasonis.

171 1681 341 1720 Desippus,
359 1682 406 1711 vel
424 1682 595 1722 Dexippus,
608 1681 647 1711 ad
663 1680 735 1711 Div.
752 1681 850 1720 XIV,
864 1681 896 1712 3.
913 1691 1017 1712 servus

128 1724 292 1756 Ciceronis.

181 1767 295 1805 Dexio,
313 1766 550 1808 Tyndaritanus,
566 1768 653 1799 Verr.
669 1767 729 1804 VI,
746 1768 797 1797 42.
