1122 1868
119 72 182 103 116
290 69 438 100 INDEX
463 69 830 102 GEOGRAPHICUS.

158 155 303 194 Vercelloe,
327 156 367 186 ad.
389 156 462 188 Div.
486 155 549 194 XI,
579 157 629 193 19,
659 156 862 197 municipium
887 156 996 188 Galliae

110 197 349 239 Transpadanae.

158 242 341 280 Vescianmn,
365 242 404 272 ad
421 243 489 273 Att.
506 241 583 279 XV,
601 244 632 279 2,
649 242 799 283 praedium
814 252 908 283 prope
927 243 968 273 Vc
984 260 999 267 ι

107 285 195 322 ciam,
212 287 331 322 urbem,
345 295 405 316 non
421 286 525 326 procul
540 297 558 315 a
573 286 761 321 Minturni53
786 296 804 315 a
819 286 881 326 quiz
895 291 996 316 tamen

114 328 266 357 Vescinum
288 329 388 368 potius
411 329 573 358 dicendum
598 328 688 358 fnisse
711 330 788 358 bene
810 334 895 358 notat
909 329 942 359 J.
959 329 996 359 F.

111 370 292 401 Gronovius.
324 372 407 401 Nam
424 377 453 401 et
474 372 611 402 Vescinus
636 372 761 411 (Agrar.
784 371 833 407 II,
849 370 906 410 25)
928 382 999 412 ager

111 412 188 442 circa
206 413 345 444 Vesciam
363 414 481 444 dicitur.

158 456 277 493 Veseris,
293 458 375 486 locus
391 457 422 486 in
439 457 609 498 Campani&
625 458 794 486 submonte
810 456 954 487 Vesuvio.

160 499 238 535 Vibo,
255 499 293 529 ad
308 500 374 529 Att.
394 500 460 536 ΙΙΙ,
473 502 504 535 3,
522 499 668 540 oppidum
687 499 891 534 Bruttiorum„
908 499 999 529 hodie

111 541 227 571 Monte-
235 541 335 572 Lame.
358 542 398 572 V.
415 543 515 572 Graev.
533 543 571 572 ad.
586 543 616 572 h.
633 543 653 571 l.
670 542 743 572 olim
761 543 861 579 Hippo
870 542 995 572 dictum.

112 582 162 614 Cf.
181 586 320 615 Strabon.
337 585 398 621 VI,
414 596 444 626 p.
459 587 534 620 393,
552 585 597 615 ed.
614 585 730 616 Almel.
747 580 776 614 εἰ
792 584 833 614 ibi
850 584 903 614 vir.
920 585 1002 615 doct.

110 626 185 657 item
205 628 285 657 Plin.
307 627 372 665 ΙΙΙ,
390 631 420 663 ἶ),
438 630 525 667 cujus
540 629 606 658 haec
622 629 712 658 verba
724 634 814 657 sunt:
841 631 863 645 “·
878 627 996 668 Hippo.¹

110 670 193 710 quod
203 681 284 700 nunc
302 672 436 701 Vibonem
452 672 611 700 Valentiam
627 670 849 711 appellamus.''
876 670 915 700 V.
944 671 1000 700 Γα-

107 713 220 742 lentini.
246 713 329 744 Hinc
348 715 510 744 Vibonensis
526 715 615 750 sinus,
632 713 670 743 ad
682 714 750 743 Att.
767 712 865 750 XVI,
883 714 912 742 (ἰ.

158 756 315 793 firmani,
332 768 355 787 s.
376 757 511 793 Vicetini,
528 757 566 786 ad
583 756 654 786 Div.
673 755 735 793 XI,
756 756 806 793 19,
822 756 928 786 incolae
944 766 1000 796 op-

108 798 173 838 pidi
195 799 340 836 Vicenliae,
367 800 490 833 (dicitur
505 799 596 829 etiam
617 800 778 835 sumentia,
795 799 876 829 unde
890 799 997 829 incolae

116 841 305 880 Vinceneini‚)
320 843 401 883 quod
417 843 509 872 situm
521 842 580 872 fuit
591 842 622 871 in
635 842 755 882 regione
765 842 998 882 Transpadana,

111 883 142 913 in
160 883 348 915 Venetorum
364 886 485 915 finibus.

157 928 280 964 Vienna,
297 928 335 958 ad
346 929 418 959 Div.
437 929 481 966 X,
495 930 526 965 9,
540 929 611 958 urbs
623 928 841 968 Allobrogum,
852 928 884 958 in
897 927 999 958 Gallia

111 970 313 1001 Narbonensi.

161 1014 345 1051 Vise-elsinas,
362 1014 400 1044 de
416 1014 577 1051 Amic.ll‚
602 1025 620 1044 a
639 1014 780 1052 Viscellis,
801 1013 916 1054 oppido
932 1014 1001 1044 No-

110 1057 175 1095 rici,
192 1067 262 1097 quae
274 1064 317 1087 est
329 1057 482 1097 provincia
493 1058 634 1087 Romana
648 1056 726 1087 inter
736 1056 918 1086 Danubium
933 1067 1000 1087 am-

111 1110 182 1130 nem
198 1105 227 1129 et
242 1100 340 1141 Alpes
354 1100 384 1130 N
387 1099 490 1130 oricas.

160 1143 303 1173 Vitularia
318 1145 374 1177 via,
390 1142 428 1172 ad
444 1142 506 1180 Qu.
524 1143 575 1173 Fr.
594 1143 661 1179 ΙῙῙ,
680 1143 709 1179 l,
727 1144 758 1178 ⁴2,
775 1141 834 1172 fuit
851 1142 883 1172 in
904 1142 1001 1183 Arpi-

110 1186 183 1216 nati.
209 1186 304 1224 Nam,
322 1196 338 1216 e
354 1185 514 1216 Manliano
533 1185 632 1215 fratris
647 1185 772 1226 praedio,
789 1185 871 1226 quod
893 1185 924 1215 in
942 1186 1002 1215 Ar-

110 1228 207 1269 pinati
223 1234 296 1265 erat,
313 1228 393 1258 rectit
419 1228 450 1258 in
467 1228 665 1258 Fufidianum
686 1228 839 1258 Vitularia
863 1227 912 1258 vizi
930 1239 1001 1269 pro-

110 1273 206 1302 fectus
222 1276 285 1308 est;
309 1271 392 1312 quod
404 1271 436 1301 in
448 1271 551 1301 eodem
569 1282 641 1312 agro
657 1277 729 1301 erat.
753 1270 801 1301 Cf.
819 1270 943 1301 Manut.
960 1271 999 1301 ad

113 1314 145 1344 h.
161 1314 248 1355 epist.

160 1358 301 1394 Vocontii,
328 1357 367 1388 ad
382 1357 454 1388 Div.
470 1357 514 1394 X,
532 1358 584 1395 23,
606 1357 713 1398 populi
730 1356 841 1387 Gauiae
856 1356 1000 1388 Transal-

111 1400 204 1440 pinae,
222 1410 352 1440 quorum
368 1406 459 1441 caput
476 1400 584 1429 Forum
604 1401 814 1430 Vocontiorum.

161 1443 326 1480 Volaterras,
355 1443 502 1484 oppidum
526 1443 678 1473 Etruriae:
703 1443 785 1473 unde
813 1443 1001 1473 Volaterrana

113 1486 198 1524 vada,
216 1485 325 1524 Quint.
350 1487 381 1523 (ἱ,
406 1486 438 1516 in
454 1486 591 1523 Etruria,
617 1496 678 1517 non
695 1486 801 1527 procul
826 1497 844 1516 a
859 1486 1000 1517 Volater-

113 1539 164 1559 τις.

162 1572 262 1609 Γυίαε,
276 1571 331 1601 Or.
348 1582 402 1612 pro
418 1572 507 1602 Font.
525 1572 556 1609 7,
573 1572 666 1612 vulgo
686 1572 794 1610 vulga»,
813 1572 910 1613 (quod
924 1574 1001 1603 bene

110 1614 238 1645 correxit
254 1614 407 1652 Graevius)
428 1615 560 1655 populus
583 1615 800 1655 Allobrogibus
815 1615 952 1653 confinis,
969 1616 1000 1645 in

111 1657 158 1695 εὲι,
174 1668 246 1698 quae
260 1657 350 1688 hodie
366 1657 541 1697 Languedoc
552 1664 684 1689 vocatur.
706 1658 768 1688 Eos
784 1665 1002 1689 commemorat

111 1700 225 1737 Caesar,
238 1700 277 1730 B.
295 1700 334 1730 G.
346 1700 425 1735 VH,
440 1702 470 1737 7,
484 1701 538 1731 ubi
549 1701 622 1732 item
632 1701 664 1731 in
674 1701 815 1733 omnibus
829 1702 917 1732 bonis
930 1701 998 1732 edd.

118 1744 209 1774 Voltus
222 1755 231 1781 ,-
256 1743 288 1774 it.
305 1754 353 1784 ap.
369 1744 500 1779 Melam,
520 1744 567 1782 ΙΙ,
584 1747 613 1774 5.
