1122 1868
165 60 221 89 108
333 61 478 92 INDEX
503 61 864 94 GvEOGRAPHICUS.

200 147 334 185 Segesta,
351 147 498 188 oppidum
513 147 634 183 Siciliae,
655 148 693 178 de
718 158 780 188 quo
799 147 858 177 vid.
881 147 968 178 Verr.
996 146 1040 182 V,

157 189 218 219 33:
243 189 323 219 unde
339 191 509 228 Segestani,
526 188 572 223 II.
589 191 641 227 65,
658 197 687 221 et
698 192 898 229 Segestewses,
915 189 975 227 IV,
988 189 1040 219 34.

202 231 363 270 Seianum,
380 233 418 262 ad
434 232 506 262 Div.
528 233 608 270 VII,
640 236 667 271 l,
695 243 805 264 nomen
826 232 942 273 praedii,
959 230 1040 273 quod

158 276 197 347 {b
223 276 349 305 obscuro
370 276 472 316 aliquo
499 275 644 316 oppidulo
670 286 781 306 nomen
805 276 907 313 habet,
922 275 955 304 in
970 283 1042 314 agro

189 324 294 347 trusco.

202 361 354 397 Seleucia,
371 360 409 390 ad
421 360 493 390 Div.
506 359 603 396 VIII,
624 363 673 396 14,
689 361 771 400 regia
782 361 976 390 Parthorum.

202 404 342 433 Seleucia
362 404 478 439 Pieria,
498 403 536 433 ad
553 404 618 432 Att.
635 403 698 440 XI,
723 405 775 439 20,
797 405 869 433 urbs
887 402 982 443 Syriae
1003 401 1043 432 ad

156 445 356 485 Euphraten:
381 446 417 476 de
433 446 494 485 quir
509 446 576 476 vide
600 445 708 486 Polyb.
730 445 773 483 V,
798 447 850 482 59,
875 452 905 475 et
928 444 1039 475 Cellar.

159 488 198 518 G.
216 489 256 517 A.
274 487 339 525 III,
360 489 409 526 12,
426 488 478 524 26,
495 498 577 527 seqq.

201 532 392 569 Semurium,
418 530 498 560 Phil.
525 530 584 568 VI,
612 531 643 567 6,
668 541 738 570 ager
762 542 779 561 a
801 530 945 561 Larentissr
968 539 1039 570 pop.

158 573 298 603 Romano
313 573 440 614 legatus.
457 573 497 602 V.
515 573 653 603 Macrob.
670 574 791 603 Saturn-
810 573 836 610 Ι,
858 574 905 603 10.

201 617 360 652 Senenses,
376 616 465 645 Brut.
486 619 534 652 18,
551 626 569 645 a
589 615 684 652 Senti,
701 616 833 646 Etruriae
847 615 979 656 oppida*

200 659 349 698 Seplasia,
373 658 404 688 in
428 658 529 688 Pison.
554 659 585 696 7,
607 662 655 695 11,
670 659 753 688 locus
775 658 901 698 Capuae,
916 658 970 687 ubi
985 667 1042 687 un-

161 707 274 742 guenta
283 700 498 731 vendebantur.
524 700 572 731 Cf.
590 701 698 739 Agrar.
717 700 762 737 ΙΙ,
780 703 832 731 34.

202 745 321 783 Septem
337 753 440 783 aquoe,
459 743 498 773 ad.
521 743 586 773 Att.
612 742 673 782 IV,
697 746 748 781 15,
768 744 850 774 lacus
874 743 938 783 agri
962 743 1044 774 Rea-

160 794 225 817 trm.

203 830 334 868 Sepyra,
359 829 397 858 ad
427 828 499 859 Div.
531 827 609 866 XV,
635 831 667 865 4,
693 829 775 859 vicus
799 828 924 864 Ciliciae,
951 829 982 858 in
1008 828 1044 859 εὲ.

160 872 277 902 Amani
302 878 398 912 parte,
427 873 482 901 sub
508 873 594 911 cujus
618 871 767 902 radicibus
790 871 861 901 Arae
879 871 1046 901 Alexandri

161 921 254 945 erant.

204 958 364 996 Seriplzus,
378 957 415 987 de
431 957 503 987 Nat.
518 957 559 987 D.
571 956 598 993 Ι,
608 958 661 993 31,
678 957 777 987 insula
788 958 819 987 in
834 957 911 987 mari
924 957 1043 997 AEgaeo,

156 1001 239 1031 inter
255 999 423 1040 Cycladas;
447 999 528 1030 unde
541 1001 713 1038 Seriphius,
730 1001 767 1030 de
783 1001 852 1031 Sen.
868 1001 898 1030 3.

204 1044 331 1074 Setinus
354 1054 439 1081 ager,
468 1042 576 1083 Agrar.
600 1042 646 1078 ΙΙ,
673 1044 726 1079 25,
754 1043 785 1072 in
801 1042 902 1079 Latio,
919 1042 1043 1081 frugum

160 1092 188 1116 et
203 1086 265 1116 vini
280 1085 492 1121 fertilissimus,
508 1087 546 1115 ab
559 1085 657 1121 Secilz,
674 1085 785 1125 oppido
800 1094 860 1115 non
876 1084 1011 1125 ignobili.

206 1129 354 1159 Servilius
369 1129 469 1163 lacus,
484 1127 514 1158 S.
532 1128 622 1158 Rosc.
639 1128 692 1161 32,
710 1128 819 1157 Romae
833 1127 901 1157 fuit.

204 1173 386 1207 Siciliensis,
397 1171 434 1200 de
450 1170 523 1200 Nat.
540 1169 632 1200 Deor.
651 1169 714 1205 III,
736 1171 784 1205 10,
802 1171 876 1210 Agr.
895 1169 922 1206 Ι,
937 1171 966 1199 4.

205 1216 334 1254 Sicyon,
355 1214 393 1243 ad
411 1215 475 1242 Att.
494 1212 521 1250 1,
542 1213 592 1248 13,
608 1223 670 1243 una
690 1213 727 1242 de
742 1219 856 1253 septem
876 1212 1046 1243 civitatibus

160 1257 309 1289 veteribus
334 1256 458 1285 Graeciae
481 1255 512 1284 'm
537 1255 743 1295 Peloponneso
768 1265 861 1295 prope
880 1255 1045 1285 Isthmum.

163 1299 362 1330 Celebrantur
381 1299 474 1328 calcei
495 1299 634 1337 Sicyonii
654 1298 736 1338 apud
760 1304 882 1328 veteres.
913 1297 986 1327 Vid.
1010 1297 1048 1328 de

163 1341 218 1373 Or.
236 1341 263 1379 Ι,
288 1343 350 1377 54,
374 1348 403 1371 et
422 1342 511 1372 olivoe
538 1342 691 1381 rS'icyonz'oe
718 1341 799 1381 apud
825 1339 992 1380 Virgilium
1015 1340 1046 1370 in

163 1385 244 1415 Geor
266 1385 326 1415 ἐἰε-

208 1395 296 1464 Sigiz,
313 1427 351 1457 ad
366 1427 437 1457 Div.
456 1426 521 1464 ΙΙΙ,
538 1428 569 1463 6,
586 1429 659 1458 urbs
675 1425 874 1466 Pamphyliae.

207 1471 383 1507 Sidicinus,
400 1470 438 1500 ad
451 1470 516 1500 Att.
529 1470 590 1509 VI,
611 1474 638 1508 l,
649 1481 668 1501 a
684 1470 834 1506 Sidicino,
850 1467 968 1499 coloni&
982 1468 1048 1509 agri

165 1512 243 1544 Cam
266 1512 325 1542 ani.

206 1524 345 1594 Sigeum,
362 1557 613 1595 promontorium,
629 1555 787 1596 oppidum,
804 1560 834 1584 et
847 1559 952 1595 portus
969 1553 1048 1584 Tro-

163 1599 237 1629 adis.

206 1642 274 1671 Sila
289 1641 378 1676 silva,
396 1641 449 1670 Br.
466 1642 519 1675 22,
535 1641 652 1681 picariis
667 1640 790 1671 celebris
804 1639 879 1670 silva
901 1639 933 1669 in
955 1639 1049 1670 Brut-

162 1684 220 1719 tiis,
233 1693 325 1724 prope
342 1683 560 1714 Mamertinam
578 1685 693 1713 urbem.
711 1683 751 1713 V.
766 1682 883 1712 Fabric.
896 1688 924 1712 et
938 1681 1045 1712 Heim.
