1137 1848
337 61 486 94 INDEX
509 61 792 94 HISTORICUS.
943 62 1005 98 257

121 159 141 179 a
162 146 247 178 Jcto
272 147 406 189 quodam
433 147 566 177 Hostilio
586 147 761 187 excogitatae
786 154 816 179 et
841 153 1002 188 conceptae,

117 191 240 231 quibus,
259 191 312 231 qui
327 201 365 221 ex
379 190 496 230 legibus
508 200 594 230 agere
609 190 709 227 vellet,
720 196 864 229 uteretur,
877 190 1003 231 quibus-

116 243 176 273 que
191 234 279 274 quasi
294 239 417 264 cautum
432 239 495 264 erat
505 233 552 262 his
567 232 620 273 qui
631 233 697 273 lege
712 243 798 273 agere
813 234 935 270 vellent,
952 243 1002 272 ne,

115 276 148 305 in
162 275 228 316 ips&
243 276 359 307 actione
374 286 466 317 quam
486 276 538 305 lex
552 275 647 313 daret,
667 282 833 315 peccarent,
855 282 946 316 atque
960 276 1003 306 ita

117 318 174 348 su&
189 318 280 359 culpzi
293 319 450 359 perderent
464 319 558 348 litem.
582 317 634 347 Ex
648 318 713 348 loco
733 324 835 348 autem
851 318 1003 349 Ciceronis

116 361 247 402 intelligi
262 362 391 400 videtur,
408 361 554 392 formulas
563 361 630 390 illas
640 366 760 390 tantum
772 367 920 391 certarum
931 372 1003 391 cau-

116 414 219 433 sarum
235 404 338 442 fuisse,
355 404 547 441 nominatim,
570 403 681 444 quibus
696 402 733 433 de
750 403 924 433 haeredjtate
939 404 1004 444 agi-

117 452 177 476 tur.
201 447 262 477 Sed
281 455 383 477 tamen
403 457 464 477 non
479 446 664 486 negaverim,
688 446 719 475 in
734 446 792 476 isto
812 446 888 476 libro
911 446 1002 476 etiam

116 488 262 519 formulas
277 500 378 520 rerum
393 489 590 520 emendarum
602 488 889 529 vendendarumque
901 488 1001 527 fuisse,

114 531 189 561 item
214 532 354 562 aliarum.
385 533 469 562 Nam
494 538 523 562 et
547 531 726 561 Manilianae
751 531 832 571 leges
859 537 1003 561 vocantur

114 574 270 613 Actiones,
298 586 346 615 ap.
369 575 498 606 Varron.
524 575 564 605 R.
589 574 629 604 R.
652 573 700 612 II,
725 577 755 604 5.
779 577 828 604 ll.
849 573 935 604 Male
950 574 1002 604 hic

115 617 255 647 nonnulli
280 618 379 657 legem
400 617 565 647 Hostiliam
585 616 623 647 de
644 616 732 646 furtis
753 622 1002 646 commemorant.

116 659 201 688 Nam
224 660 300 690 actio
316 670 375 690 non
394 665 438 689 est
452 660 513 697 lex,
536 659 587 689 sed
601 659 651 689 lex
670 659 722 689 dat
739 659 899 696 actionem,
916 665 945 689 et
963 669 1001 689 ex

114 701 180 741 lege
200 702 235 732 fit
257 702 343 732 actio.
367 702 468 732 Simili
490 702 551 732 fere
571 702 662 731 modo
686 702 835 731 Manilius
855 702 1002 732 fomiulas

116 744 301 784 conscripsit,
318 744 430 786 quibus
444 744 476 774 in
490 744 647 775 vendendo
662 750 692 774 et
706 744 834 774 emendo
848 750 1002 775 caveretur

115 786 300 817 hominibus.

157 830 327 868 Hostilius,
350 830 393 860 N.
408 829 451 860 D.
469 828 516 867 II,
533 830 564 868 3,
581 839 635 859 rex
654 829 747 860 Rom.
772 829 907 870 auguriis
922 829 1001 859 Attii

116 871 150 902 Ν
151 872 211 902 avii
226 873 330 902 utitur.

158 916 194 945 C.
210 916 365 946 Hostilius
385 916 568 946 M'ancinus.
588 915 644 945 Or.
659 914 686 951 I,
708 915 759 944 56.
774 914 812 945 de
831 920 1001 945 controver-

113 956 158 987 si&
173 959 250 996 ejus,
266 968 342 988 num
366 959 393 989 ei
406 959 507 988 liceret
530 963 597 999 post
612 958 794 988 deditionem
809 957 840 987 in
861 963 1000 987 senatum

112 1000 236 1037 venire3
261 1007 291 1032 et
311 1007 416 1032 utrum
435 1001 507 1031 civis
531 1001 581 1039 sit,
608 1010 711 1032 necne.
734 1000 817 1030 Add.
849 1000 881 1031 in
903 1001 1000 1030 ,Man-

114 1053 213 1073 cinus.

156 1086 295 1125 Hyades,
320 1087 362 1116 N.
379 1086 421 1116 D.
439 1085 485 1123 ΙΙ,
499 1086 549 1116 43.
565 1086 658 1118 sidus,

155 1130 281 1168 Hydra,
306 1130 348 1159 N.
364 1129 406 1159 D.
426 1128 472 1167 II,
489 1130 540 1159 44.
555 1129 648 1159 sidus.

154 1173 361 1211 Hyperbolus,
385 1172 592 1209 Atheniensis,
615 1172 703 1202 Brut.
729 1172 782 1201 62.
797 1171 953 1211 improbus
968 1176 998 1201 et

111 1214 373 1246 seditiosissimus:
398 1225 417 1245 a
439 1215 560 1245 comicis
583 1220 714 1245 notatus.
738 1214 813 1246 Vid.
840 1214 997 1254 Aristoph.

113 1257 220 1297 Equit.
240 1261 332 1289 1301.

156 1301 345 1339 Hyperides,
369 1300 424 1331 Or.
440 1300 468 1337 I,
492 1301 541 1330 13.
565 1299 620 1331 Or.
640 1301 691 1330 26.
716 1299 787 1331 satis
808 1299 840 1329 in
855 1299 997 1329 orationi-

110 1343 169 1374 bus
183 1343 306 1374 facetus.
328 1343 384 1374 Or.
401 1342 466 1378 III,
483 1343 514 1378 7.
537 1342 593 1373 Or.
608 1344 661 1373 31.
679 1344 743 1383 ejus
758 1352 896 1380 acumen,
913 1344 972 1372 ἃς.

154 1387 330 1425 Hyper-ion,
354 1387 398 1416 N.
413 1386 456 1416 D.
472 1384 536 1423 III,
554 1388 605 1415 21.
623 1386 676 1416 sol.

151 1429 320 1468 Hypsaeus,
345 1429 432 1459 Orat.
450 1429 479 1465 I,
502 1429 554 1460 36.
571 1428 699 1459 absurde
713 1427 847 1458 defendit
862 1427 996 1468 aliquem

109 1470 296 1511 ignoratione
316 1471 394 1512 juris
408 1471 514 1503 civilis.
539 1471 636 1502 Filius
651 1471 770 1502 videtur
784 1471 860 1510 ejus,
876 1470 931 1511 qui
953 1469 995 1500 A.

109 1514 172 1544 628
195 1516 300 1545 consul
316 1515 383 1545 fuit.

154 1557 192 1587 P.
222 1557 362 1588 Plautius
390 1557 546 1598 Hypsaeus,
570 1556 669 1587 Flacc.
696 1558 726 1587 9.
750 1555 789 1586 ad
814 1555 888 1587 Div.
906 1555 936 1592 I,
968 1558 996 1584 1.

111 1599 251 1640 Pompeii
267 1600 316 1630 M.
333 1606 462 1641 quaestor
477 1600 508 1629 in
523 1599 603 1630 bello
619 1598 838 1634 Mithridatico,
851 1604 881 1628 et
895 1604 998 1639 postea

111 1641 240 1674 Milonis
255 1644 432 1685 competitor
447 1643 478 1673 in
493 1642 661 1675 consulatu.
682 1642 720 1673 ad
735 1644 803 1674 Att.
817 1640 882 1681 111,
900 1645 929 1672 8.

731 1774 792 1801 Ζ3
