1137 1848
313 34 462 67 INDEX
486 32 771 69 HISTORICUS.
922 36 986 73 287

106 131 142 152 ac
149 121 248 160 miles,
260 130 299 152 sc.
315 121 354 151 ad
366 121 579 152 Numantiam.
594 121 698 152 Plane.
711 122 762 152 21.
774 122 821 152 bis
831 121 990 154 aediliciam

108 165 260 205 repulsam
276 164 354 194 tulit.
378 164 467 194 Font.
487 167 536 195 15.
558 165 675 204 legatus
695 165 805 195 Rutilii
820 165 900 196 bello
915 166 990 196 soci-

107 207 157 237 ali.
179 207 312 247 Appian.
336 207 388 236 lib.
404 206 433 244 I,
453 207 492 237 B.
508 207 544 238 C.
564 208 636 237 635.
661 207 754 238 Tusc.
778 208 821 245 V,
849 210 897 239 19.
919 219 990 239 cum

107 250 222 289 collega
231 249 339 280 Catulo
354 248 498 280 Cimbrici
509 250 581 280 belli
596 250 750 280 victoriam
766 251 969 282 communicat
979 263 989 281 ι

111 292 191 322 civili
206 293 286 323 bello
301 298 402 322 autem
415 302 484 322 eum
498 292 624 322 interfici
641 294 737 331 jubet.
761 293 854 323 Tusc.
874 295 921 330 ΙΙ,
941 297 991 325 15.

113 335 224 365 varices
239 335 331 365 secari
346 335 442 364 soluto
457 335 515 366 sibi
530 335 614 371 vult3
632 336 712 366 unde
727 342 830 376 postea
845 342 873 366 et
889 337 949 366 alii.
966 348 992 367 c.

113 378 165 407 21.
188 378 276 408 Brut.
297 378 348 407 45.
362 377 455 408 hostis
471 388 488 407 a
503 383 608 408 senatu
630 379 792 417 judicatur.
828 379 891 408 Pis.
912 382 960 409 19.
976 391 995 410 a

114 420 378 450 Minturnensibus
393 426 536 451 servatur.
564 421 602 450 ad
623 421 712 458 Quir.
733 432 763 462 p.
781 422 858 451 Red.
876 423 905 451 8.
929 423 994 462 ejus

112 463 265 501 exsilium,
287 469 316 493 et
330 463 509 502 magnitudo
529 463 624 493 animi
639 464 670 494 in
692 463 797 494 exsilio
812 472 995 495 conservata.

112 506 184 536 ibid.
201 509 234 537 3.
249 507 287 536 ab
308 506 416 536 exsilio
437 512 600 536 revocatur.
618 507 692 547 Leg.
710 507 758 544 lI,
778 511 829 537 22.
846 508 910 546 ejus
926 507 996 538 reli-

115 549 203 590 quias
218 548 299 589 apud
315 548 466 579 Anienem
482 549 552 579 sitas
567 549 722 590 dissipavit
736 550 834 587 Sulla,
851 551 907 580 ἃς.

160 594 195 623 C.
218 593 362 628 Marius,
385 590 422 622 C.
450 592 557 632 septies
582 591 711 622 consulis
730 593 766 623 F.
782 594 862 633 Agr.
885 592 949 629 III,
967 596 997 624 2.

116 640 184 675 post
206 634 241 665 C.
259 634 396 665 Marium
415 641 444 665 et
460 633 518 665 Cn.
536 635 694 675 Papirium
710 645 782 665 coss.
798 645 850 676 np.
866 636 908 665 A.
924 637 997 671 671.

116 678 231 707 Utrum
246 677 392 707 naturalis
407 687 445 707 an
461 677 619 718 adoptivus
634 677 714 708 filius
736 678 837 715 fuerit,
849 678 998 709 incertum

115 726 170 792 {sn
195 720 264 750 Hoc
284 721 382 761 placet
407 720 530 761 Sigonio
549 719 588 750 ad
602 720 633 750 h.
647 731 675 751 a.
698 721 747 750 De
762 731 796 751 eo
812 721 878 762 lege
891 722 998 752 Vellei.

136 763 162 800 Ι,
180 764 230 793 26.

163 808 195 837 C.
215 806 348 836 illarius.
365 805 400 836 C.
417 806 453 836 F.
472 804 508 837 C.
525 805 567 836 N.
584 806 653 836 Att.
675 805 757 843 XII,
774 808 825 838 49.
848 812 933 847 rogat
948 807 1001 838 Ci-

118 859 269 886 ceronem,
288 855 322 879 ut
337 859 367 879 se
382 849 534 886 defendat,
551 849 660 879 scilicet
675 851 712 879 ab
728 850 775 880 his
802 850 855 891 qui
870 850 897 880 ei
912 851 1001 881 dubi-

119 902 169 923 am
185 903 203 922 a
219 892 320 922 Mario
331 892 477 932 originem
490 892 649 922 faciebant.
673 892 746 923 Fuit
758 893 838 923 enim
851 893 1002 933 equarius,

120 935 243 965 nomine
267 935 442 975 Erophilus,
465 935 518 975 qui
543 945 574 965 se
600 935 636 965 C.
662 935 758 965 Marii
777 942 917 976 nepotem
942 947 1005 966 esse

122 978 239 1008 dicebat
253 988 262 1013 ;
286 983 442 1018 propterea
462 988 480 1007 a
494 978 613 1008 Caesare
628 988 666 1008 ex
682 977 772 1008 Italia
795 978 913 1019 pulsus,
938 984 1006 1019 post

121 1021 186 1059 ejus
202 1020 315 1051 caedem
331 1028 433 1051 autem
445 1020 629 1057 interfectus,
647 1021 728 1061 quod
743 1021 781 1051 de
796 1028 901 1051 senatu
913 1022 1006 1052 inter-

120 1064 247 1094 ficiendo
262 1062 413 1103 cogitarat.
438 1064 503 1093 Att.
518 1063 614 1100 XIV,
628 1067 658 1093 6.
675 1067 704 1093 8.

164 1107 217 1136 M.
234 1107 372 1143 Marius,
389 1107 476 1137 Verr.
492 1105 553 1143 VI,
573 1109 621 1137 16.
648 1107 741 1138 homo
763 1107 892 1137 disertus
906 1112 936 1137 et
950 1117 1005 1138 no-

121 1149 191 1180 bilis
205 1149 287 1190 apud
303 1148 491 1180 Valentinos.

166 1193 214 1222 M.
230 1193 368 1230 Marius,
379 1192 417 1222 ad
429 1202 520 1233 quem
530 1197 601 1222 sunt
613 1192 745 1233 epistolae
758 1198 887 1234 quatuor
900 1193 1007 1234 primae

123 1235 194 1265 libri
209 1235 330 1276 septimi
356 1235 395 1264 ad
415 1235 567 1266 Diversos.
601 1236 753 1265 Corradus
777 1241 865 1276 putat
879 1246 943 1266 esse
958 1236 1008 1266 M.

124 1277 264 1308 Marium
287 1278 472 1316 Gratidium,
504 1278 545 1315 Q.
567 1278 681 1308 Fratris
705 1279 736 1308 in
758 1279 837 1308 Asia
859 1278 1007 1318 legatum,

125 1320 208 1361 quod
234 1330 297 1350 esse
320 1320 432 1350 falsum
458 1320 533 1351 vidit
557 1320 727 1350 Manutius.
760 1321 844 1351 Nam
869 1321 964 1351 Marii
980 1326 1010 1351 et

127 1362 258 1393 Gratidii
277 1369 347 1393 sunt
362 1363 548 1393 diversarum
569 1363 766 1399 familiarum,
783 1370 812 1394 et
827 1363 878 1393 ille
892 1364 1009 1404 legatus

126 1405 238 1443 Quinti
253 1405 410 1436 Gratidius
424 1405 493 1443 fuit,
510 1415 571 1436 non
594 1406 724 1437 Marius.
746 1406 907 1436 Manutius
921 1411 1010 1447 putat

125 1458 188 1478 esse
204 1448 251 1478 M.
269 1448 406 1478 Marium
425 1448 650 1487 Gratidianum,
667 1449 873 1490 propinquum
889 1449 1009 1480 Cicero-

124 1491 181 1521 nis.
205 1491 265 1521 Sed
276 1501 347 1522 eum
364 1490 495 1522 Catilina
506 1491 692 1522 interfecerat
702 1492 733 1522 in
745 1492 872 1523 Sullana
886 1491 1010 1522 victoria

126 1534 166 1564 ad
182 1534 286 1564 Catuli
314 1534 485 1575 sepulcrum
509 1535 564 1567 (V.
583 1534 620 1564 de
646 1535 735 1565 Petit.
760 1534 884 1565 Consul.
900 1545 925 1565 c.
947 1535 1008 1571 3);

126 1577 177 1607 hae
197 1576 329 1617 epistolae
344 1583 446 1607 autem
461 1578 559 1607 multo
580 1583 649 1617 post
672 1583 742 1608 sunt
757 1578 883 1618 scriptae.
914 1577 1010 1608 Vide-

126 1624 177 1649 tur
191 1619 267 1650 mihi
278 1630 339 1650 esse
353 1620 389 1658 is,
405 1620 470 1660 qui,
481 1620 519 1650 ad
534 1619 607 1650 Div.
625 1620 672 1658 II,
691 1621 738 1655 17.
755 1627 879 1661 putatur
894 1631 1010 1651 succes-

129 1672 188 1702 sor,
215 1662 322 1694 Bibuli
346 1673 385 1694 an
411 1662 573 1695 Sallustii?
596 1662 628 1694 in
643 1663 732 1705 Syria
750 1664 881 1695 futurus.
904 1663 955 1694 Ex
977 1673 1012 1694 eo
