1122 1868
174 78 231 107 160
382 77 530 109 INDEX
555 77 838 109 HISTORICUS.

217 162 366 201 Brennus,
387 163 424 194 de
439 164 512 195 Div.
529 163 556 201 Ι,
573 164 625 199 37.
643 174 713 194 cum
729 163 855 194 Gallicis
870 162 962 204 copiis
984 162 1056 193 fano

166 203 321 246 Apollinis
341 207 456 237 bellum
466 207 577 237 intulit.
598 207 718 247 Pythiae
732 207 769 237 de
779 207 814 237 ea
826 217 857 237 re
866 215 1053 247 responsum.

214 249 364 287 Βνὶιιιιιίιε,
380 251 447 280 Att.
466 249 565 287 XIII,
586 253 632 285 12,
652 252 699 279 14.
717 250 891 280 Ciceronem
902 249 1053 279 haeredem

173 291 254 322 facit.

219 336 254 365 T.
272 334 428 373 Brocchus,
453 336 521 377 Lig.
539 336 599 373 IV,
619 339 667 365 ll.
684 336 850 366 avunculus
872 335 913 373 Q.
930 333 1056 375 Ligarii.

170 377 272 408 Furiae
284 378 408 408 familiae
423 389 598 419 cognomen.

215 421 399 459 Brogitarus,
431 423 670 452 Gallo-Graecus.
704 422 781 452 Har.
807 422 900 461 Resp.
927 421 974 450 13.
1001 419 1054 454 27.

171 464 213 494 Ei
228 463 353 493 Clodius
368 465 567 494 sacerdotium
590 465 816 494 Pessinuntiam
840 463 985 501 vendidit,
1001 472 1056 492 ex·

170 506 259 547 pulso
272 507 353 545 justo
369 507 530 543 sacerdote,
547 515 576 537 et
592 508 669 547 regis
688 517 797 537 nomen
814 506 904 536 dedit.

216 549 332 587 Brulla,
349 549 385 579 de
401 552 456 580 Or.
481 549 544 587 111,
567 553 617 580 23.
633 550 835 580 delectabatur
850 547 1056 580 vehementius

175 592 252 622 talis.

216 635 363 671 Bruttius,
390 635 429 665 ad
458 635 532 666 Div.
563 635 659 671 XVI,
691 637 742 665 21.
770 635 862 665 homo
888 633 1054 674 jucundus,

172 688 265 718 quem
282 678 329 707 M.
347 678 410 707 Cic.
427 678 468 707 fil.
486 688 588 708 secum
603 678 735 710 Athenis
750 677 879 714 habuit;
903 687 921 707 a
936 686 997 718 quo
1011 675 1058 705 di-

176 731 279 751 versus
295 720 413 750 videtur

218 764 259 794 L.
279 763 425 801 Bruttius,
448 763 486 793 ad
502 762 574 795 Div.
593 762 693 803 XIII,
715 764 767 794 38.
783 773 873 805 eques
889 763 1057 793 Romanus.

175 806 307 837 Siculus.

217 850 256 879 L.
279 849 401 887 Brutus,
424 860 440 880 e
460 848 576 880 familia
599 850 725 890 patricia
746 848 853 880 Junifi.
890 848 979 879 Brut.
1005 848 1058 878 53.

173 892 278 922 Plane.
304 893 354 921 25.
390 893 523 922 Romam
554 893 635 932 regio
660 893 817 923 dominatu
841 891 987 921 liberavit.
1018 890 1056 921 de

172 934 262 965 offic.
279 933 342 970 ΙΙΙ,
364 938 411 964 10.
432 935 553 975 collegae
574 936 725 966 Collatino
744 935 907 975 imperium
922 935 1047 973 abrogat

173 977 267 1008 Tusc.
284 977 343 1015 IV,
361 980 412 1007 22.
428 977 540 1008 interiit
556 989 626 1008 cum
638 980 768 1009 Arunte.
793 978 881 1008 Brut.
902 977 951 1006 14.
977 975 1056 1006 Phil.

174 1020 202 1057 Ι,
220 1022 248 1050 6.
264 1021 401 1061 princeps
417 1021 579 1051 nobilitatis
593 1022 769 1051 Brutorum.
795 1020 864 1050 Hoc
873 1019 981 1049 dicitur
992 1024 1057 1048 tan-

174 1070 241 1094 tum
258 1074 295 1093 ex
310 1063 451 1104 opinione
467 1064 594 1103 vulgari,
611 1075 679 1104 quae
694 1071 760 1094 tum
783 1069 856 1099 erat,
872 1062 932 1097 cui,
954 1061 1058 1091 favens

174 1106 280 1136 Brutis
303 1117 468 1146 eorumque
488 1107 601 1146 gloriae‚
618 1117 678 1136 non
695 1106 871 1146 refragatur.
897 1105 980 1134 Nam
995 1104 1058 1144 ipse

174 1150 291 1179 Brutus
306 1149 375 1179 inde
401 1149 508 1179 ducere
532 1149 679 1189 originem
703 1148 795 1179 videri
818 1148 954 1178 volebat:
979 1146 1060 1176 unde

174 1193 240 1231 ejus
255 1192 419 1232 imaginem
434 1192 466 1221 in
482 1192 557 1222 atrio
566 1192 706 1222 habebat.
730 1191 852 1221 Atticus
863 1190 954 1221 etiam
967 1195 1059 1219 stem-

173 1244 226 1265 ma
241 1235 407 1265 Brutorum
425 1235 544 1271 fecerat,
561 1235 592 1264 in
608 1245 669 1275 quo
684 1245 702 1264 a
717 1234 756 1265 L.
771 1234 870 1264 Bruto
884 1238 1057 1272 paternum,

174 1279 213 1307 ab
243 1277 341 1308 Ahala
375 1283 560 1314 maternum,
586 1287 682 1317 genus
706 1277 842 1308 duxerat.
867 1275 908 1306 V.
933 1274 1059 1305 Wesse-

173 1320 248 1360 ling.
273 1320 346 1350 Obs.
368 1323 413 1350 ll.
440 1323 489 1349 16.
523 1320 583 1350 Sed
606 1321 720 1350 Brutos
739 1320 818 1356 illos,
843 1318 896 1360 qui
920 1317 1059 1357 deinceps

175 1365 505 1398 commemorabuntur.
522 1363 653 1403 plebeios
668 1363 770 1399 fuisse,
787 1372 841 1392 nec
863 1372 881 1391 a
895 1361 916 1390 J
920 1360 992 1390 uniit
1006 1359 1060 1389 ina

176 1406 292 1435 familia
308 1406 432 1446 patricia
447 1406 593 1445 originem
609 1405 742 1443 duxisse,
758 1405 843 1435 docet
864 1409 999 1434 accurate
1022 1402 1059 1432 P.

176 1448 298 1477 Manut.
321 1448 358 1478 ad
380 1449 439 1489 Ep.
464 1452 489 1478 1.
520 1448 558 1478 ad
584 1449 738 1478 Brutum:
764 1454 794 1477 et
818 1446 998 1476 Plutarchus
1027 1445 1059 1474 in

174 1490 274 1520 Bruto
287 1491 350 1520 init.
363 1492 427 1530 jam
444 1497 510 1521 tum
526 1497 666 1531 negatam
682 1501 744 1520 esse
762 1490 846 1520 illam
863 1500 880 1519 a
896 1489 932 1518 L.
950 1488 1060 1523 Bruto,

176 1543 282 1572 regum
307 1535 476 1573 expfflsore,
495 1534 653 1573 originem,
675 1535 713 1563 ab
736 1533 793 1568 his,
811 1532 863 1572 qui
879 1531 920 1561 eis
940 1532 978 1560 ob
994 1531 1061 1560 (2ae-

176 1576 248 1605 saris
264 1576 374 1605 caeden]
386 1577 484 1606 infesti
501 1582 604 1607 essent.
629 1576 726 1613 Quid,
737 1576 762 1605 si
777 1587 795 1605 a
810 1576 907 1604 Bruto
919 1573 975 1604 orti
987 1577 1060 1602 sunt

176 1628 221 1655 eo,
239 1619 291 1658 qui
307 1619 389 1659 apud
412 1619 595 1660 Dionysium
620 1619 719 1649 Ilalic.
742 1623 938 1653 memoratur,
955 1616 1007 1646 ubi
1022 1615 1060 1645 de

175 1661 338 1691 secessione
355 1662 385 1691 in
400 1662 539 1692 Montem
557 1663 683 1692 Sacrum
707 1660 828 1701 agitur?
851 1659 904 1700 qui
924 1658 982 1688 fuit
997 1658 1062 1698 ple-

176 1703 285 1733 beius?
309 1704 360 1734 lib.
382 1703 441 1739 VI,
459 1716 487 1744 p.
504 1706 577 1734 396.
593 1705 647 1744 qui
662 1710 691 1734 et
705 1704 767 1744 ipse
783 1703 820 1732 1..
839 1702 953 1732 Junius
964 1700 1062 1730 dictus

175 1752 228 1785 est,
245 1747 378 1787 primum
405 1747 469 1788 ipso
493 1747 549 1777 sibi
573 1747 630 1778 hoc
654 1756 762 1777 nomen
780 1745 869 1776 Bruti
890 1748 1058 1785 arrogante,
