1122 1868
176 90 239 119 ⁴108
393 89 542 121 INDEX
567 89 850 122 HISTORICUS.

175 174 334 216 Pompeio,
351 177 438 210 redit,
454 177 498 218 (v.
514 176 625 207 Caesar.
641 176 679 206 Β.
698 176 734 207 C.
753 175 780 213 Ι,
800 177 863 213 15.)
878 175 945 205 Att.
962 172 1060 209 VIII,

170 220 205 251 .l.
233 220 299 258 ejus
325 230 371 250 res
398 227 489 260 gestae
511 219 692 253 laudanturg
719 219 757 250 de
784 218 931 259 Pompeio
955 227 1065 258 pamm

175 259 339 292 honorifice
353 263 455 293 sentit.
469 262 507 292 ad
523 262 563 299 Q.
581 262 633 292 Fr.
650 261 695 297 ΙΙ,
713 264 744 292 9.
765 261 830 298 Ill,
852 263 877 291 l.
896 264 925 292 5.

225 305 369 343 Vicepmffi
394 306 490 346 Legg.
509 304 555 343 ΙΙ,
574 306 620 334 ll.
637 315 749 335 nomen
770 305 862 334 habet
884 315 902 334 a
919 303 1065 334 vincendo

175 353 205 377 et
234 348 392 387 potiundo⁷
423 349 557 388 adeoque
586 348 680 388 ipsius
710 347 841 377 victoriae
869 356 980 376 nomen
1010 351 1064 375 est.

174 390 289 420 AEdem
306 391 370 429 ejus
394 391 472 421 infra
487 391 609 422 Veliam
630 390 721 420 fuisse
735 395 851 420 constat
867 400 882 419 e
898 389 998 425 Livio,
1017 387 1063 425 11,

174 433 204 468 7.
229 433 294 463 Viri
308 434 388 464 docti
405 434 597 464 scribendum
607 439 729 464 censent
749 434 893 472 Vzcapota.
911 431 983 462 Vid.
1001 436 1064 461 not.

175 476 334 506 doctorum
349 477 482 507 virorum
499 476 537 506 ad
553 476 620 506 Liv.
638 476 658 505 l.
675 486 700 505 c.

220 519 260 549 L.
279 520 420 557 Vicinins,
440 518 478 549 ad
499 519 572 549 Div.
597 518 695 552 VIII.
718 520 748 548 8.
769 528 824 560 pro
840 528 901 558 quo
925 516 1064 547 Graevius

173 562 306 602 reposuit
335 563 472 592 Viuit-ms.
496 562 654 592 Tribunus
672 562 781 601 plebis,
803 561 852 591 M.
869 561 1019 591 Marcello
1035 564 1065 589 et

173 605 309 646 Sulpicio
336 615 410 635 coss.
438 605 657 634 Permutantur
685 604 746 634 fere
781 604 812 633 in
838 603 922 634 libris
948 602 1064 643 scriptis

179 647 272 677 Viciu.
289 654 318 678 et
339 648 430 677 Vinic-
453 648 495 677 V.
512 647 634 687 interpr.
650 646 688 676 ad
704 647 828 677 Sueton.
847 647 932 687 Aug.
946 646 998 677 65.

221 689 359 729 Victoria,
383 689 456 720 Div.
474 691 502 727 Ι,
519 691 570 719 43.
589 688 705 730 Capuae
720 689 817 719 sudat.

219 733 337 771 Vidius,
354 733 481 764 creditor
497 733 606 768 Niobe,
624 733 662 762 ad
678 731 750 762 Div.
769 733 832 769 IX,
855 735 902 762 10.

219 776 263 805 M.
293 777 444 814 Vigellius,
468 776 523 806 Or.
551 776 619 814 ΙΙΙ,
647 779 697 806 21.
725 786 743 806 a
767 775 904 805 Panaetio
930 774 1063 805 Stoicam

173 818 399 859 philosophiam
414 818 528 849 didicit.

217 863 257 892 L.
280 862 391 898 Vzllius.
406 862 443 892 L.
458 862 493 891 F.
507 861 662 895 Ponitinzi.
676 861 811 898 Annalis,
824 861 863 891 ad
875 860 947 892 Div.
965 859 1064 897 VIII,

173 905 202 934 8.
219 911 347 936 senator.
378 905 469 935 Unde
485 905 614 935 Annales
630 905 717 936 Villii
733 904 816 941 dicti,
840 915 867 934 v.
884 905 955 935 Iud.
974 905 1063 945 Legg.

173 948 270 985 Leges
283 949 428 978 Annales.

217 993 247 1021 S.
268 992 386 1029 Villius,
401 991 439 1021 ad
455 991 528 1022 Div.
547 990 594 1029 II,
612 993 641 1020 6.
660 990 788 1021 Milonis
803 989 970 1021 familiaris.

216 1035 256 1064 L.
270 1034 408 1064 Vinicius.
425 1035 465 1064 V.
490 1036 631 1064 Vicimus.

221 1078 336 1115 Vinius,
352 1077 391 1107 ad
406 1077 474 1107 Att.
494 1076 540 1114 II,
558 1082 588 1108 2.

218 1121 250 1150 S.
268 1119 397 1157 Virbius,
414 1120 535 1150 Cluent.
553 1122 582 1149 8.
596 1120 734 1150 Larinas.

222 1162 414 1196 Virgilianus.
433 1162 473 1192 V.
493 1164 531 1198 Q.
549 1164 670 1194 Fabius.

218 1207 250 1236 C.
272 1205 423 1243 Virgilius,
447 1206 552 1236 Plane.
570 1207 620 1235 40.
637 1212 758 1246 praetor.
776 1205 817 1242 Q.
836 1205 989 1236 Ciceronis
1005 1204 1067 1235 col-

172 1249 249 1289 lega.
275 1248 384 1279 Siciliae
404 1255 513 1289 praetor
533 1259 568 1279 eo
583 1259 674 1285 anno,
696 1259 757 1289 quo
774 1248 880 1279 Cicero
895 1248 1063 1278 exsulavit:

171 1291 271 1321 noluit
286 1301 369 1329 eum.
387 1291 525 1332 quamvis
541 1292 686 1327 amicum.
709 1291 809 1321 Clodii
825 1291 916 1321 minis
931 1291 1063 1326 termus,

174 1334 315 1375 recipere.
333 1335 372 1364 ad
387 1335 427 1371 Q.
450 1335 502 1365 Fr.
523 1333 551 1372 1,
569 1338 598 1364 ⁸2.
615 1339 645 1365 2.
668 1335 699 1364 in
716 1334 829 1374 magn&
845 1333 1066 1364 existimatione

175 1382 229 1407 est.
245 1377 283 1407 ad
300 1377 371 1408 Div.
391 1377 439 1416 II,
456 1380 485 1409 9.
506 1377 696 1419 propinquus
720 1377 871 1407 Curionis.
892 1377 960 1407 Att.
981 1375 1064 1413 XII,

176 1420 229 1449 51.
248 1419 348 1457 XIII,
365 1422 417 1451 26.

216 1464 250 1497 C.
272 1465 428 1503 Virgilius,
452 1464 541 1494 Prov.
561 1462 654 1499 Cons,
671 1464 700 1493 4.
716 1463 758 1493 V.
776 1464 808 1493 C.
829 1461 986 1496 Ῑίνεῑίηὶης.

216 1506 263 1535 M.
286 1506 309 1533 V
311 1507 437 1546 ugilius,
454 1507 546 1537 Brut.
561 1508 611 1536 48.
628 1506 720 1536 frater
732 1506 771 1536 T.
790 1504 918 1541 Aufidii,
935 1505 1004 1534 trib.
1021 1504 1064 1545 pl.

173 1548 212 1578 L.
242 1549 337 1579 Sullae
360 1549 534 1590 imperatori
553 1550 634 1580 diem
658 1549 756 1579 dixit:
793 1559 831 1578 sc.
855 1548 888 1577 in
909 1547 1065 1577 tribunatu

170 1591 214 1620 A.
234 1591 274 1621 U.
291 1592 366 1628 666,
382 1598 418 1622 ut
433 1602 504 1622 eum
520 1603 538 1622 a
552 1591 735 1633 profectione
755 1590 793 1621 ad
808 1590 923 1620 bellum
939 1590 1067 1620 Mithri-

173 1633 307 1664 daticum
333 1635 525 1665 abstraheret.
558 1635 618 1666 Sed
642 1635 739 1668 Sulla,
763 1633 898 1674 neglecto
920 1632 1063 1672 Virgilio,

172 1676 258 1713 abiit,
275 1682 309 1706 ut
325 1682 368 1707 est
383 1688 432 1718 ap.
450 1678 604 1708 Plutarch.
621 1677 653 1707 in
668 1677 767 1714 Sulla,
783 1687 813 1716 p.
830 1677 901 1705 458.
918 1675 972 1705 ubi
986 1675 1066 1705 male

179 1719 331 1759 Verginius
349 1720 468 1750 dicitur.
494 1719 532 1750 In
545 1720 612 1762 ipso
627 1720 772 1751 Cicerone
787 1720 941 1758 Virginius
956 1723 985 1748 et
1003 1716 1073 1747 Vir-

173 1761 266 1801 gilius
282 1768 504 1803 permutantur.
