1122 1868
145 23 184 51 24
411 24 560 55 INDEX
584 25 756 57 LEGUM.

138 108 303 139 Hortensii
323 108 354 138 in
374 110 420 140 ed.
446 109 599 142 Ciceronis
620 111 794 150 Olivetan-Li,
818 123 848 154 p.
873 113 948 151 431,
969 123 1016 154 sq.

138 151 194 181 Eae
209 158 310 182 autem
326 152 373 182 hae
388 159 457 182 sunt
471 165 478 183 :

184 196 361 234 Sempronia
377 198 412 226 C.
432 197 574 234 Gracchi,
587 197 655 227 trib.
672 198 713 238 pl.
731 197 791 238 quii
806 198 954 228 sancitum
969 204 1024 235 est,

141 242 175 267 ut
202 238 284 278 inopi
307 238 389 278 plebi
410 238 521 279 singuli
544 240 637 269 modii
662 240 860 270 venderentur
879 252 897 270 a
919 247 1025 271 senatu

142 280 250 310 triente
264 291 334 310 cum
350 282 492 322 semisse5
516 282 607 322 idque
628 282 828 320 frumentum,
844 284 925 323 plebi
948 283 1026 314 divi-

142 322 288 359 dendum,
305 334 342 353 ex
358 324 461 354 aerario
476 332 633 354 emeretur.
657 326 735 364 Ejus
750 336 828 366 saepe
842 325 1027 356 mentionem

142 364 213 395 facit
224 366 338 403 Cicero,
353 377 380 396 v.
398 377 422 396 c.
431 377 485 407 pro
495 368 610 403 Sextio,
620 378 644 398 c.
658 369 711 404 48,
727 368 819 398 Tusc.
834 368 944 408 Dispp.
958 368 1026 406 III,

144 409 199 444 20,
216 409 307 438 Brut.
324 419 348 438 c.
375 410 428 447 62,
445 410 498 439 ubi
520 410 567 439 M.
585 410 742 447 Octavius,
760 410 817 441 Cn.
834 411 870 441 F.
891 421 958 441 eam
973 422 1029 452 po-

144 450 211 490 puli
231 451 396 491 frequentis
415 452 564 492 suffragiis
584 453 742 493 abrogasse
759 453 879 490 dieitur,
897 454 964 493 (qui
984 454 1030 484 lo-

145 503 198 523 cus
215 494 356 534 Lipsium
378 494 509 535 fugerat)
530 495 567 525 de
590 495 652 526 Off.
676 496 723 534 ΙΙ,
740 497 791 526 21.
814 496 894 526 Eam
914 496 1031 526 instau-

146 546 211 566 rare
235 543 377 566 conatum
402 540 463 567 esse
489 537 622 578 aliquem
649 539 686 568 de
709 538 847 576 tribunis,
873 539 909 569 C.
936 539 1032 569 Marii

147 578 190 607 A.
208 579 248 608 U.
277 580 339 609 634
355 580 488 620 collegis,
510 581 617 620 colligo
638 592 653 611 e
670 581 834 611 Plutarcho
859 581 890 611 in
917 581 1030 619 Mario,

146 631 177 661 p.
200 623 273 658 407,
296 622 341 652 ed.
368 623 452 663 Syl'o.
476 623 530 663 qui
550 623 632 660 dicit,
652 624 688 655 C.
705 624 843 654 Marium
859 624 1032 664 opinionem

147 665 367 704 popularitatis,
390 666 456 705 lege
480 666 516 695 de
536 667 650 697 ambitu
675 667 737 697 lata
757 667 946 704 concitatam,
965 677 1033 707 per-

148 706 268 744 didisse,
294 708 490 748 repugnando
514 709 629 739 fortiter
646 710 706 750 legi
727 710 942 745 frumentariae,
964 720 1034 750 quae

149 748 310 780 ferebatur.
336 750 489 781 Caeterum
515 752 624 782 tirones
639 758 755 790 notent,
780 752 810 781 in
829 753 895 792 lege
909 752 968 782 diei
987 763 1034 782 se-

148 793 254 822 misses
275 799 302 823 ει
328 795 452 823 trientes
475 804 529 834 pro
550 795 755 831 dextantibus,
785 795 856 835 quia
875 795 1032 826 dextantae

148 844 291 866 nummos
316 846 375 866 non
398 837 561 874 habebant,
587 843 622 867 ut
643 839 717 867 bene
737 837 822 868 docet
843 838 976 867 Gronov.
995 837 1032 868 de

150 879 270 908 Sestert.
281 879 342 915 lv,
357 880 404 909 12.
419 879 542 910 Frustra
558 880 789 920 Chapmannus,
805 891 854 920 ap.
871 881 1031 911 Pearciurn

147 921 186 950 ad
199 920 261 951 Cic.
288 921 350 952 Off.
368 922 415 959 ΙΙ,
440 923 492 959 21,
509 923 629 963 corrigit
644 923 764 953 semisse
779 929 834 953 aut
849 922 966 961 triente,
982 923 1030 953 in-

146 968 397 1005 terpretaturque,
414 965 556 995 vilissimo
572 966 677 1005 pretio.

190 1008 325 1045 Apuleia
343 1009 517 1044 Saturnini,
534 1008 586 1041 (ad
599 1009 734 1038 Herenn.
755 1009 784 1045 I,
809 1009 861 1045 12)
882 1019 950 1049 quae
964 1018 1024 1039 non

144 1048 214 1086 fuit,
232 1050 289 1080 nisi
304 1051 479 1080 instauratio
500 1056 553 1081 aut
567 1051 753 1081 confirmatio
767 1053 960 1091 Semproniae,
982 1051 1027 1081 A.

146 1091 187 1121 U.
201 1093 263 1122 653
278 1093 349 1123 lata.
365 1094 405 1123 Ei
414 1104 444 1123 se
453 1094 593 1134 opposuit
604 1101 734 1134 quaestor
745 1096 889 1129 urbanus,
899 1093 1002 1134 Caepio
1014 1105 1024 1130 ;

146 1142 346 1176 senatumque
379 1136 491 1173 docuit,
523 1136 661 1166 aerarium
691 1143 807 1166 tantam
836 1137 1027 1176 largitionem

145 1177 221 1208 ferre
239 1188 299 1208 non
322 1189 417 1218 posse.
442 1178 550 1219 Itaque
568 1179 683 1219 perlata
704 1189 764 1209 non
787 1186 839 1210 est.
864 1180 942 1210 Haec
957 1189 1028 1210 con-

145 1220 258 1250 tinetur
273 1221 389 1261 legibus
404 1221 558 1262 Apuleiis,
571 1233 640 1262 quae
654 1228 872 1260 memorantur,
883 1222 921 1253 de
935 1222 1028 1262 Legi-

144 1263 201 1292 bus
218 1263 265 1298 ΙΙ,
283 1264 311 1294 6.

190 1307 283 1336 Livia
311 1307 358 1336 M.
381 1308 470 1337 Livii
494 1308 605 1343 Drusi,
627 1308 670 1338 A.
691 1308 732 1339 U.
759 1309 833 1343 662,
865 1308 938 1344 lata,
959 1318 1029 1348 quae

145 1349 314 1379 continetur
333 1350 450 1390 legibus
467 1352 580 1388 Liuiis,
603 1361 621 1381 a
637 1350 790 1387 Cicerone,
814 1351 851 1381 de
866 1350 962 1390 Legg.
979 1351 1028 1388 ΙΙ,

146 1392 177 1426 6,
190 1392 372 1422 memoratis.
397 1392 486 1423 Conf.
499 1394 612 1424 Ascon.
622 1393 655 1423 in
665 1393 888 1430 Cornelianam,
905 1399 934 1422 et
946 1393 1028 1423 Flor.

146 1433 214 1471 III,
239 1435 288 1469 17.
314 1435 390 1465 Haec
414 1436 466 1466 lex
488 1436 554 1477 ipsa
578 1437 754 1475 Sempronia
781 1441 854 1471 erat,
878 1446 947 1475 quae
963 1436 1030 1474 jam

147 1476 336 1515 aliquamdiu
352 1477 521 1509 intermissa
537 1485 609 1509 erat.
633 1479 705 1509 Non
721 1485 764 1509 est
778 1478 901 1519 perlata.

193 1520 298 1549 Cassia
329 1521 486 1558 Terentia,
513 1522 575 1551 lata
595 1533 612 1552 a
634 1521 752 1551 duobus
774 1532 846 1552 coss.
871 1521 903 1550 C.
929 1521 1031 1551 Cassio

149 1567 179 1591 et
202 1563 249 1591 M.
270 1564 425 1599 Terentio,
442 1564 484 1593 A.
503 1564 543 1594 U.
567 1565 640 1600 680,
660 1573 804 1594 consensu
824 1565 955 1600 senatus,
977 1563 1032 1604 qui

148 1604 235 1634 aliter
250 1605 361 1645 placari
376 1606 507 1646 plebem,
531 1606 562 1636 in
578 1612 715 1636 senatum
736 1606 826 1636 nimis
842 1605 1034 1636 vehementer

149 1653 293 1684 coortam,
311 1657 370 1677 non
385 1659 472 1688 posse
487 1649 683 1689 intelligebat.
706 1649 755 1679 Ea
768 1649 854 1689 quini
865 1648 959 1678 modii
973 1648 1034 1678 sin-

149 1689 230 1728 gulis
248 1690 280 1720 in
304 1690 438 1731 singulos
458 1701 576 1722 menses
595 1691 749 1723 constituti
773 1691 924 1729 videntur,
946 1690 1034 1732 (Vid.

1113 1596 1122 1647 ςὲ

1107 1653 1122 1713 ἐ

1107 1718 1122 1764 ³.
