1122 1868
113 53 177 84 312
329 54 478 87 INDEX
501 55 785 88 HISTORICUS.

163 140 297 177 Onasus,
321 141 508 179 Segestanus,
533 141 620 172 Verr.
640 140 699 179 VI,
716 137 768 171 45.

164 184 256 221 Opas,
284 184 326 214 N.
352 184 394 214 D.
423 184 487 221 ΙΙΙ,
522 186 574 214 22.
595 195 649 225 pro
679 196 741 225 quo
770 189 848 216 recte
877 184 1003 224 Davies,

122 224 249 261 Pmlzas.
272 227 429 257 Vulcanus
451 228 666 268 AEgyptiorum
693 227 827 264 nomine,
854 228 927 258 Nilo
950 239 1004 259 na-

118 273 178 340 tlus,
190 275 288 299 custos
301 271 438 310 AEgypti.
450 271 490 301 V.
504 270 687 310 Jablonsky,
703 270 861 301 Pantheon
875 272 1006 313 AEgypt.

155 333 161 340 .
181 311 206 347 I,
224 322 248 342 c.
266 314 294 342 2.
335 335 341 342 .
358 314 408 343 45.

167 323 356 394 OplziuclzBS,
382 357 454 387 Nat.
471 355 512 385 D.
531 356 581 392 ΙΙ,
598 357 648 385 42.
667 355 759 386 sidus.

166 399 205 428 L.
225 399 378 438 Opimius,
400 400 440 437 Q.
464 399 499 428 F.
523 398 589 428 Inv.
614 398 660 435 II,
685 402 735 428 34.
758 409 792 429 eo
814 406 951 440 praetore,
968 400 1006 432 de

121 442 326 480 conjuratione
342 443 484 483 suspectis
502 442 696 481 Fregellanis,
708 452 829 472 causan]
845 443 925 483 apud
937 454 1007 474 eum

123 483 201 514 dixit
216 485 354 526 princeps
378 496 493 522 eorum,
512 485 706 514 Numitorius
728 484 852 521 Pullus,
869 486 922 527 qui
937 497 1008 517 cum

122 526 299 557 seditionem
324 528 512 568 prodidisset,
531 528 568 557 ab
585 527 712 567 Opimio
731 527 876 567 Fregellae
891 539 1010 570 oppug-

124 575 214 605 natae,
239 570 269 600 in
295 571 476 601 deditionem
500 576 640 609 acceptae,
668 575 696 600 et
720 569 828 600 dirutae
851 578 930 601 sunt.
958 571 1008 603 Cf.

124 611 234 652 Agrar.
252 612 296 643 ΙΙ.
316 620 390 644 extr.
407 619 436 643 et
452 612 561 643 Vellei.
581 612 626 648 II,
638 613 667 642 6.
686 611 776 643 Catil.
794 612 821 650 I,
842 617 867 643 l.
889 614 915 644 ei
929 625 1008 656 resp.

124 656 309 695 permittitur
332 656 362 686 in
383 656 527 686 seditione
550 655 585 685 C.
611 655 751 693 Gracchi,
774 656 826 685 Br.
847 660 897 687 34.
921 668 939 688 a
954 668 1008 698 po-

125 699 199 738 pulo
215 700 370 729 absolutus
386 699 423 729 de
444 699 524 729 caede
545 698 697 734 Gracchi;
722 709 740 728 a
755 698 938 730 Gracchanis
958 701 1010 739 ju-

123 740 241 771 dicibus
265 742 402 772 sublatus
428 748 482 777 est,
518 751 588 771 cum
612 748 716 771 contra
739 741 874 772 studium
903 743 1009 783 populi

125 784 263 814 stetisset.
289 784 379 816 Conf.
403 785 506 815 Plane.
524 786 575 814 28.
600 783 655 815 Or.
673 784 720 821 11,
737 785 789 813 25.
814 785 849 815 C.
872 785 1010 817 Graccho

123 825 291 865 interfecto,
317 838 387 858 curn
411 826 613 864 consulatum,
638 837 730 867 quem
755 827 794 857 A.
818 828 880 858 633
906 829 1009 868 gessit,

124 869 320 909 deposuisset,
336 881 405 900 reus
428 870 524 901 factus
540 876 582 900 est
602 870 640 899 ad
655 870 804 910 populum
821 881 839 900 a
860 871 896 900 P.
916 871 1011 901 Decio

126 912 249 942 tribuno
264 914 343 954 pleb.
368 913 514 944 Defendit
532 913 567 943 C.
589 912 689 944 Carbo
710 913 823 943 consul.
844 914 933 944 Brut.
958 915 1010 944 83.

127 956 166 985 ab
182 966 216 985 eo
237 957 343 986 vinum
368 956 571 997 Opimianum
594 955 712 986 dicitur.
736 957 819 987 Sext.
845 958 895 992 67.
911 957 1013 998 sepul-

128 1008 213 1028 crum
229 1000 294 1037 ejus
309 999 340 1029 in
355 999 442 1029 litore
458 999 650 1040 Dyrrhachii.

173 1042 209 1076 Q.
227 1042 380 1081 Opimius,
392 1042 478 1072 Orat.
498 1042 543 1078 II,
561 1042 612 1071 68.
629 1042 733 1072 consul
750 1041 788 1071 A.
805 1043 876 1073 599.

174 1084 210 1119 Q.
231 1085 386 1124 Opimius,
412 1086 450 1115 L.
468 1085 503 1114 F.
519 1084 563 1121 Q.
579 1085 621 1114 N.
644 1084 731 1115 Verr.
749 1084 794 1121 ΙΙ,
815 1086 865 1115 60.
882 1090 1012 1122 senator,

128 1133 285 1158 accusatus
309 1135 354 1158 est
371 1128 453 1168 apud
478 1127 514 1158 C.
539 1127 666 1157 Verrem
685 1134 855 1168 praetorem,
877 1128 959 1168 quod
982 1128 1014 1158 in

128 1169 285 1201 tribunatu
301 1170 510 1201 intercessisset
521 1176 623 1200 contra
633 1170 731 1210 legem
745 1171 932 1201 Corneliam.
953 1171 1015 1201 Hic

131 1212 274 1253 Opimius
289 1214 314 1244 is
329 1220 383 1251 est,
400 1214 454 1254 qui
469 1213 536 1244 trib.
552 1212 612 1243 fuit
628 1213 666 1244 L.
681 1212 809 1244 Octavio
824 1220 854 1244 et
869 1214 905 1244 C.
922 1213 1015 1244 Cotta

131 1266 206 1288 coss·
226 1257 261 1286 Α.
279 1258 351 1292 679.

177 1299 332 1338 Opimia-r,
361 1299 535 1337 Veientina,
562 1300 627 1330 Att.
658 1298 720 1337 IV,
754 1299 802 1329 16.
830 1298 937 1339 judex.
970 1299 1013 1330 V.

136 1343 237 1424 Grgg..
250 1385 357 1424 Opim,
379 1386 451 1424 sive,
474 1391 509 1416 ut
531 1385 582 1416 alii
605 1385 722 1422 volunt,
747 1387 786 1416 P.
803 1385 909 1425 Opius,
933 1385 1016 1416 Phil.

133 1428 201 1476 1117
232 1432 277 1459 10.
301 1429 486 1469 provinciam
510 1429 567 1459 sibi
590 1430 628 1459 ab
647 1428 785 1459 Antonio
808 1428 910 1459 datam
932 1439 1017 1459 recu-

136 1476 221 1501 sawt.

179 1515 291 1554 Oppia,
316 1514 353 1543 ad
369 1514 441 1544 Div.
456 1514 556 1551 XIII,
573 1515 624 1544 28.
644 1513 692 1544 M.
710 1513 824 1544 Mindii
839 1524 925 1544 uxor.

177 1558 377 1598 OppianicuS,
391 1558 511 1588 Cluent.
528 1558 558 1587 4.
576 1558 632 1587 διο.
645 1563 688 1587 est
702 1557 790 1588 Statii
804 1557 892 1587 Albii
907 1567 1018 1598 cogno-

133 1609 214 1630 lnen·

181 1643 286 1682 Oppii,
310 1642 378 1673 Att.
410 1642 491 1681 VII,
517 1643 564 1673 13.
592 1641 690 1681 VIII,
717 1642 748 1678 7.
771 1641 816 1681 X,
841 1643 871 1673 4.
893 1642 1018 1673 foenera-

138 1691 226 1716 tores.

182 1728 237 1758 Cn.
256 1729 383 1769 Oppius,
397 1728 486 1767 Quir.
503 1739 533 1770 p.
552 1729 652 1760 Redit.
673 1731 702 1759 5.
713 1737 858 1769 generum
874 1728 1022 1760 Sex.Ati-
