1122 1868
75 33 138 63 322
291 34 440 65 INDEX
464 34 749 68 HISTORICUS.
768 20 770 22 ’

120 121 172 150 Μ.
185 120 342 158 Pecz'lle'us,
359 120 446 152 Verr.
461 119 525 159 III,
539 125 589 153 29.
602 132 693 163 eques
710 122 879 162 Romanus,
890 131 964 163 neg-

76 162 184 193 otiator
198 163 230 192 in
246 171 393 194 conventu
412 164 609 204 Syracusano.

122 206 158 240 Q.
176 206 328 243 Petimus,
346 207 406 236 Pro
422 207 491 236 Mil.
513 210 560 237 16.
573 208 668 246 judex
683 207 714 237 in
732 207 894 239 Milonem.

121 250 282 287 Petissms,
305 249 448 279 Urbinas.
465 250 545 280 Phil.
559 251 640 285 XII,
658 251 686 279 8.
703 250 789 280 bonis
805 251 866 281 suis
882 250 959 282 effu·

78 291 128 330 sis,
145 292 184 321 ad
201 291 367 322 Antonium
385 303 415 322 se
430 293 584 333 applicuit.
601 293 674 323 ibid.
694 292 792 330 XIII,
809 295 839 323 2.

122 336 174 364 Μ.
195 336 345 372 Petreius,
369 335 450 365 Sext.
467 338 496 365 5.
513 336 548 366 C.
565 336 694 366 Antonii
710 336 837 376 legatus,
855 336 962 367 Catili-

79 387 151 407 nam
167 378 365 418 persequitur.
378 378 415 408 ad
431 378 503 408 Div.
515 378 609 417 XVI,
628 382 678 409 12.
690 379 807 419 legatus
823 380 963 420 Pompeii

78 421 110 450 in
126 421 286 462 Hispaniiz..
312 420 377 451 Att.
394 420 492 458 VIII,
510 426 538 452 2.

122 465 246 500 Petrus,
271 464 351 495 Phil.
369 463 468 502 XIII,
490 467 535 494 15.
554 464 634 495 Vide
647 463 677 494 in
695 466 811 495 Paetus.

123 508 290 544 Phaedrus,
314 506 370 536 Or.
390 506 417 544 I,
442 509 471 542 7.
497 507 569 538 Div.
594 506 621 544 Ι,
643 509 673 537 3.
696 508 725 542 7.
748 509 804 538 διε.
827 508 964 540 Platonis

77 549 235 590 dialogus3
260 550 313 590 qui
337 560 354 579 a
373 550 501 580 Phaedro
520 549 639 589 (licitur,
660 560 751 591 quem
774 550 965 582 vehementer

79 593 169 623 Plato
185 593 306 623 amavit.
325 592 426 622 Labrt.
444 592 508 628 III,
526 594 577 623 29.

122 637 285 672 Phaedrus,
310 635 347 665 ad
368 635 440 666 Div.
461 635 560 672 XIII,
584 639 612 665 1.
635 636 816 676 Epicureus,
832 636 964 668 moriens

76 679 243 709 obtestatur
260 679 434 716 Patronem,
451 689 489 709 ne
505 679 583 708 aedes
598 679 724 719 Epicuri
739 679 862 709 alienari
878 679 966 711 sinat.

78 721 127 751 M.
151 721 288 752 Ciceroni
312 731 417 761 puero,
439 728 473 751 ut
495 722 703 762 philosophus,
727 727 806 762 post,
836 722 981 753 Philone'

79 764 209 804 cognito,
227 770 261 794 ut
283 764 329 794 vir
344 765 441 794 bonus
457 770 486 794 et
505 765 614 801 suavis,
631 766 785 805 probatur.
809 764 905 795 Carus
921 771 966 796 est

77 807 189 837 Attico.
215 807 279 837 Att.
298 805 397 843 XIII,
414 808 465 842 37.
482 808 547 846 ejus
562 807 631 837 libri
647 807 782 848 quidam.
806 807 966 839 Laudatur

79 850 171 880 etiam
198 850 266 880 Fin.
292 850 334 887 V,
361 853 386 879 1.
413 850 455 880 N.
474 850 515 880 D.
537 849 564 888 I,
588 851 639 880 33.
662 850 743 880 Phil.
764 850 807 889 V,
833 852 862 881 5.
885 851 965 890 Ejus

78 892 159 923 filius
178 892 335 933 Lysiades.

122 937 294 974 Phaethon,
319 935 385 967 Att.
407 935 472 975 III,
495 937 524 966 8.
546 936 585 967 ad
609 936 649 975 Q.
671 936 723 967 Fr.
746 936 775 975 I,
800 937 830 967 4.
854 946 966 968 nomen

79 989 166 1010 servi.

121 1023 312 1061 Plzalargus,
336 1022 424 1053 Verr.
441 1021 501 1059 VI,
514 1025 565 1053 40.
585 1021 811 1063 Centuripinus.

122 1067 280 1103 Phalaris,
305 1065 394 1095 Offic.
423 1065 488 1103 ΙΙΙ,
514 1067 543 1095 6.
569 1071 725 1106 tyrannus.
752 1065 825 1096 Div.
851 1064 878 1103 I,
910 1067 962 1096 23.

78 1109 184 1139 matris
208 1109 370 1138 somnium.
395 1108 483 1138 Verr.
509 1109 551 1145 V,
579 1109 630 1138 33.
656 1108 717 1137 Pis.
746 1111 793 1139 18.
816 1109 872 1139 &c.
899 1110 966 1148 ejus

78 1157 202 1181 taurus:
228 1153 259 1185 (a
275 1151 394 1181 Timaeo
415 1151 492 1181 inter
512 1151 630 1182 fabulas
650 1151 781 1187 relatus;
806 1151 905 1187 male;
931 1158 965 1182 ut

77 1194 164 1224 docet
179 1194 304 1224 Diodor.
320 1194 378 1225 Sic.
395 1194 494 1231 XIII,
507 1205 537 1235 p.
549 1196 582 1224 21
596 1192 635 1233 l.)
652 1193 740 1224 Offic.
755 1193 801 1232 II,
819 1195 848 1229 7.
873 1195 968 1235 Agri-

79 1237 195 1277 gentini
210 1237 241 1266 in
257 1248 327 1267 eum
344 1237 493 1277 impetum
509 1237 634 1267 faciunt.

122 1281 306 1318 Phalereus,
330 1280 435 1310 Divin.
461 1279 507 1318 II,
524 1281 576 1311 46.
601 1280 642 1311 V.
661 1280 834 1311 Demetrius
852 1281 965 1312 Phale-

79 1334 158 1354 reus.

123 1368 274 1404 Plzamea,
290 1366 328 1396 ad
344 1366 416 1396 Div.
433 1365 514 1402 VII,
530 1366 581 1396 24.
600 1366 735 1403 libertus,
750 1366 875 1406 Tigellii
884 1377 968 1397 avus.

77 1408 144 1440 Att.
163 1408 225 1445 IX,
237 1411 267 1439 9.
283 1410 419 1439 moritur.
434 1410 472 1439 ad
482 1410 553 1439 Div.
574 1408 636 1445 IX,
652 1412 699 1439 16.
715 1410 785 1439 Att.
798 1408 898 1446 XIII,
912 1410 963 1440 49.

124 1453 261 1489 Phania,
282 1451 320 1482 ad
340 1452 414 1483 Div.
434 1451 481 1490 ΙΙ,
510 1456 558 1483 13.
580 1452 644 1491 ΙΙΙ,
677 1456 702 1482 l.
722 1452 847 1483 libertus
870 1452 967 1493 Appii

80 1495 215 1525 Pulchri.

123 1540 313 1573 Pharnaces,
338 1538 440 1568 Deiot.
470 1541 499 1568 5.
523 1545 627 1569 contra
658 1549 728 1569 eum
753 1544 870 1579 pugnat
895 1548 965 1568 cum

82 1580 202 1612 Caesare
226 1580 397 1610 Deiotarus.
421 1581 469 1611 Cf.
495 1581 560 1611 Att.
586 1581 648 1619 XI,
676 1583 727 1611 20.
749 1582 801 1612 22.
824 1581 863 1611 ad
888 1581 962 1611 Div.

80 1624 158 1661 XV,
188 1625 238 1653 15.
257 1622 306 1652 De
329 1623 409 1653 bello
428 1623 485 1654 hoc
506 1624 631 1655 Caesaris
653 1634 723 1654 cum
742 1623 911 1661 Pharnace,
935 1634 964 1654 v.

82 1666 233 1705 Hirtium,
258 1665 295 1696 de
316 1665 395 1696 Bell.
419 1667 510 1697 Alex.
535 1670 588 1699 34.
603 1677 668 1708 sqq.
694 1666 752 1697 Est
775 1665 964 1697 Mithridatis

78 1709 168 1740 filius.
