1137 1848
261 88 410 120 INDEX
434 87 722 119 HISTORICUS.
868 88 931 117 409

93 175 126 206 C.
148 173 306 215 Virginius,
330 174 419 204 Prov.
438 173 531 205 Cous.
546 175 574 204 4.
591 174 719 214 legatus,
736 172 863 213 impedit
878 171 931 202 Pi-

46 228 149 248 sonem
165 218 369 253 Calventium,
386 227 424 247 ne
435 217 585 257 Byzantio
598 217 699 246 onmia
711 217 796 256 signa
805 216 931 245 auferat.

45 261 106 291 Sed
121 260 204 291 codd.
229 260 341 290 habent
368 261 519 296 Virgilius,
543 260 625 300 quod
646 260 757 299 recepit
782 258 930 288 Graevius.

45 303 124 340 Quis
139 311 241 333 autem
256 303 307 333 ille
326 303 474 342 Virgilius
497 303 546 339 sit,
570 303 678 332 nescio.
703 304 798 338 Nam,
820 308 930 342 praetor

43 345 95 376 ille
110 345 219 376 Siciliae
234 356 271 375 an
288 346 336 381 sit,
352 346 469 381 dubito,
493 345 575 386 quod
592 345 642 375 vix
660 346 792 375 Romam
809 344 930 374 rediisse

42 388 152 428 potuit,
169 399 239 418 cum
255 389 325 419 Piso
337 389 367 418 in
382 388 567 429 provinciali]
580 388 686 423 abiret,
698 387 847 428 siquidem
863 387 931 416 red-

43 431 89 467 iit,
115 437 144 461 et
170 441 230 461 non
254 442 288 462 eo
314 442 436 472 quoque
460 441 539 461 anno
564 431 697 461 Siciliam
722 429 863 460 obtinuit.
894 430 930 459 C.

44 473 222 514 Virginium
250 480 355 505 autem
384 474 499 515 reperio
537 474 695 504 tribunum
725 473 821 514 plebis
850 482 930 503 anno

85 560 129 590 A.
152 561 311 597 Virginius,
335 560 413 590 Lael.
431 560 482 595 27.
505 561 570 599 ejus
586 559 782 590 adolescentis
798 558 930 588 familia-

42 602 130 633 ritate
159 603 322 634 delectatur
349 603 473 640 Laelius,
499 609 533 633 ut
559 604 595 633 P.
614 602 733 633 Rutilii.
761 602 834 632 Fuit
859 612 930 641 ergo

44 646 81 675 P.
99 646 210 675 Rutilii
232 646 365 687 aequalis.
389 646 541 676 Caeterurn
561 646 638 676 hauc
664 645 823 675 lectionem
845 654 930 674 rema

43 688 121 718 cavit
137 688 274 729 Langius
290 700 306 719 e
321 689 416 719 MSS.
438 689 491 728 qui
506 689 593 719 valde
614 689 665 718 hic
683 689 821 723 variant3
847 693 876 717 et
891 687 929 716 (le

42 731 168 762 lectione
201 731 394 762 vehementer
430 731 510 762 docti
544 732 599 761 viri
629 731 817 761 dissentiunt.
856 729 930 760 Vid.

45 773 191 803 Gulielm.
222 779 251 804 et
286 774 375 804 Grut.
403 774 441 804 ad
475 775 506 804 h.
535 775 556 804 1.
585 774 658 804 item
689 773 778 814 Pigh.
811 772 927 803 Annal.

44 817 116 846 634.
149 816 231 847 Mihi
257 827 380 847 omnem
403 818 623 847 dubitationem
651 817 689 847 de
715 817 745 846 h.
771 817 792 845 1.
826 816 929 845 tollere

41 859 171 896 videtur,
185 860 266 900 quod
277 860 330 897 ita,
343 867 378 890 ut
389 860 451 897 hic,
465 861 638 900 junguntur
650 870 698 900 ap.
709 859 928 899 Pomponium,

42 901 79 932 de
95 902 182 942 Orig.
198 903 269 932 Jur.
288 903 316 943 ἓ.
334 904 387 940 40,
414 904 448 933 Ρ.
469 903 604 933 Rutilius
620 903 734 940 Rufus,
757 908 786 932 et
812 901 929 931 Paulus

43 945 140 985 (quod
152 950 196 975 est
211 945 352 976 vitiosum
372 956 427 986 pro
442 945 555 985 Aulus)
573 946 741 986 Virginius,
758 951 793 974 ut
808 954 930 974 eorum-

42 986 112 1017 dem
136 994 354 1028 praeceptorum
386 989 417 1018 in
440 990 509 1028 jure
534 988 625 1022 civili,
652 988 864 1028 imprimisque
890 987 927 1016 P.

43 1029 155 1067 Mucii,
182 1031 331 1072 discipuli.
366 1031 414 1062 Cf.
445 1031 480 1062 C.
500 1031 666 1072 Langium,
688 1030 727 1061 ad
740 1031 797 1060 lec,
824 1030 873 1060 cit.
899 1034 930 1060 et

41 1073 171 1114 Rupert.
187 1074 226 1104 ad
241 1075 391 1115 Pompon.
408 1073 474 1111 111,
491 1075 521 1104 6.

83 1118 124 1146 L.
144 1118 305 1157 Virginius,
329 1118 397 1147 Fin.
414 1118 461 1153 ΙΙ,
485 1121 534 1146 20.
561 1117 656 1147 filiam
672 1127 759 1146 suam
774 1115 927 1150 interficit,

40 1168 79 1189 ne
101 1160 199 1199 Appii
218 1160 381 1191 decemviri
400 1160 521 1191 libidini
551 1160 687 1190 dedatur.
719 1160 800 1190 Rem
826 1163 928 1189 narrat

40 1201 110 1232 Liv.
127 1201 191 1241 III,
208 1204 258 1233 44.
274 1214 341 1245 sqq.

92 1246 251 1286 Virginius,
268 1245 333 1277 Att.
349 1246 430 1284 XII,
445 1249 474 1277 5.
491 1247 688 1288 argentarius.

86 1289 228 1327 Wriutus,
245 1288 335 1320 Offic.
353 1291 402 1325 ΙΙ,
422 1291 470 1320 11.
488 1290 665 1326 Lusitanus,
682 1293 803 1329 propter
817 1287 928 1329 praedae

41 1331 221 1372 aequabilem
239 1332 432 1372 partitionem
452 1343 579 1372 magnas
594 1343 665 1373 opes
680 1331 799 1369 habuit,
816 1331 928 1371 quibus

41 1374 187 1404 exercitus
202 1374 457 1416 imperatoresque
472 1381 631 1406 cesserunt.
648 1375 801 1416 Brutfll.
817 1373 928 1404 viriati

39 1418 155 1448 bellum
171 1427 241 1447 cum
255 1418 413 1448 Romanis.

92 1461 270 1496 Visceltinus,
295 1460 371 1490 Lael.
402 1464 451 1491 11.
478 1466 522 1491 est
543 1461 596 1501 Sp.
617 1460 751 1498 Cassius,
771 1459 835 1501 qui,
860 1464 928 1500 post

39 1502 163 1534 tertium
174 1503 376 1542 consulatum,
390 1504 515 1545 appetiti
524 1503 609 1544 regni
621 1503 745 1533 crimine
754 1503 928 1539 damnatus,

41 1552 71 1576 et
85 1546 122 1576 de
139 1546 218 1576 Saxo
234 1546 367 1586 Tarpeio
391 1547 523 1586 dejectus
539 1552 591 1576 est.
608 1546 651 1577 V.
671 1546 703 1576 in
722 1547 851 1577 Cassius.
876 1545 927 1575 De

40 1588 188 1629 scriptur&
202 1588 282 1619 vocis
298 1589 341 1618 nil
357 1590 428 1620 certi
443 1589 502 1619 dici
516 1594 625 1629 potest,
642 1588 764 1630 quando
780 1594 809 1619 et
823 1587 928 1618 Latini

40 1637 70 1661 et
86 1631 262 1662 Graecorum
282 1631 493 1662 historicorum
508 1632 579 1662 libri
600 1632 677 1662 mire
692 1632 830 1662 variant:
855 1630 885 1660 V
888 1630 930 1660 is-

41 1673 166 1709 celinus,
174 1674 364 1711 Vulselinus,
374 1675 558 1711 Becellinus,
569 1673 926 1711 Uscelinus,Vitellinus,

42 1717 218 1755 Betillinus,
235 1718 293 1748 &c.
318 1718 501 1749 Viscellinus
514 1723 557 1748 est
569 1718 600 1748 in
617 1717 715 1747 Fastis
734 1716 928 1758 Cuspiniani,

84 1760 232 1801 (Clavis.)
644 1761 663 1790 2
686 1769 709 1791 N
