1122 1868
166 77 228 107 354
379 75 528 107 INDEX
551 75 838 109 HISTORICUS.

205 163 374 193 Sallustius
386 161 502 203 scripsit
518 162 732 204 Empedoclea.
749 162 788 193 ad
804 162 846 201 Q.
863 161 914 192 Fr.
933 160 980 200 ΙΙ,
1001 165 1049 193 11.

165 211 241 236 extr.

207 251 240 278 C.
255 249 423 279 Sallustius
435 250 570 287 Crispus.
585 249 654 279 Att.
667 249 730 287 XI,
744 251 795 278 20.
809 248 835 279 ei
848 248 950 279 Caesar
962 248 1050 289 igno-

163 291 216 321 vit.
240 291 290 322 De
305 291 469 322 inimicitiis
484 292 561 322 inter
576 292 677 332 ipsum
693 298 722 321 et
738 291 926 328 Ciceronem,
940 297 969 322 et
984 301 1052 321 ora-

161 334 305 371 tionibus,
324 345 399 374 quas
411 341 514 365 contra
528 345 560 364 se
575 335 703 365 invicem
718 334 830 365 dixisse
844 340 1003 376 putantur,
1020 344 1049 365 v.

166 376 291 407 Corrad.
308 377 425 414 Quaest.
444 388 474 418 p.
490 380 559 408 113.
572 388 639 418 sqq.

207 421 372 450 Sallustius
390 422 554 451 Caninius.
572 421 610 450 ad
629 420 701 450 Div.
724 420 772 457 ΙΙ,
792 421 839 456 17.
864 425 1051 461 proquaestor

163 462 327 499 Ciceronis,
338 463 376 493 ad
392 474 483 504 quem
497 470 541 494 est
556 463 690 503 epistola.
715 463 806 493 Docti
818 464 873 493 viti
885 462 1051 504 legendum

161 505 347 542 existimant,
369 507 496 544 Cnoeus,
509 517 564 547 pro
579 507 745 540 Caninius.
761 512 796 536 ut
808 507 846 536 sit
864 507 899 536 P.
913 505 1051 537 Sallustii

161 549 364 589 propinquus,
375 549 412 578 de
423 560 483 589 quo
493 549 584 590 paulo
596 555 674 590 post.
683 549 722 579 V.
733 548 891 589 Pighium,
904 549 943 579 ad
953 549 996 578 A.
1008 548 1048 579 U.

162 591 247 625 702:
275 591 325 621 sed
342 591 428 621 codd.
446 592 488 621 nil
502 594 620 631 juvant.

207 634 263 663 Cn.
278 635 457 671 Sallustius,
481 635 520 664 ad
538 634 609 665 Div.
629 634 725 671 XIV,
747 634 797 664 ll.
819 634 885 665 Att.
908 634 970 671 XI,
997 635 1046 664 11.

161 677 277 706 amicus
301 687 440 707 summus
459 677 622 708 Ciceronis.
645 677 681 707 In
705 677 808 708 animo
830 678 935 708 Cicero
957 678 1049 708 habet

160 729 232 749 cum
259 729 294 749 eo
322 719 442 750 mittere
465 720 565 751 filium
594 721 634 751 ad.
663 720 826 759 Caesarem,
857 731 928 751 cum
957 731 1048 751 exsu-

164 762 248 792 laret.

204 806 246 834 P.
263 806 445 844 Sallustius,
461 808 530 837 Att.
547 804 610 845 XI,
629 809 677 836 11.
694 806 785 837 frater
794 812 847 837 aut
858 805 1047 847 propinquus

163 847 260 878 Cnaei.

205 892 261 921 Cu.
279 893 458 930 Sallustius,
475 891 512 922 de
522 891 628 923 Divin.
639 894 668 931 I,
682 894 733 923 28.
747 892 899 923 Ciceronis
909 891 1045 922 libertus.

160 933 200 963 ad
212 934 284 964 Div.
301 934 395 972 XIV,
412 937 442 965 4.
460 939 470 965 l
483 939 506 965 1.
521 936 674 966 laudatur.
690 937 756 966 Att.
774 934 802 971 I,
816 939 845 966 3.
859 941 888 966 et
901 936 911 965 l
923 936 949 964 l.

204 979 284 1007 Sext.
302 979 431 1015 Samus,
447 978 558 1019 Agrar.
578 978 624 1016 11,
642 982 693 1009 34.
709 978 853 1009 duumvir
868 978 993 1019 Capuae.

205 1021 414 1058 Salvidienus,
428 1022 517 1051 Brut.
530 1032 577 1063 ep.
598 1023 647 1057 17.

204 1064 331 1100 Salvms,
344 1064 382 1094 ad
396 1064 467 1094 Div.
483 1063 544 1102 IX,
557 1066 587 1100 7.
604 1067 653 1096 11.
668 1064 794 1095 libertus
805 1063 914 1094 Attici.
926 1063 972 1101 X,
989 1065 1039 1093 18.

158 1105 285 1135 libertus
301 1106 457 1137 Hortensii
471 1107 537 1136 filij.

203 1149 301 1185 Salus,
318 1149 384 1179 Att.
402 1149 461 1187 IV,
478 1154 502 1180 1.
526 1150 605 1188 Dea,
618 1152 705 1190 cujus
714 1149 864 1191 templum
877 1154 939 1179 erat
948 1159 1043 1190 prope

159 1190 285 1221 domum
302 1192 400 1222 Attici
414 1193 445 1222 in
461 1192 536 1222 colle
552 1194 722 1231 Quirinali:
748 1193 786 1223 de
804 1203 865 1233 quo
882 1192 943 1222 vid.
959 1192 1041 1222 Plin.

159 1233 303 1272 XXXV,
320 1236 350 1264 4.
363 1234 400 1265 de
415 1235 487 1265 Div.
505 1236 533 1272 Ι,
550 1237 601 1271 47.
617 1236 731 1267 Salutis
746 1235 920 1276 augurium.

203 1278 378 1313 Samiarius,
395 1278 476 1307 Phil.
498 1277 560 1315 XI,
577 1283 606 1309 2.
623 1280 722 1315 exsul,
745 1289 764 1309 a
787 1288 848 1320 quo
871 1277 1044 1308 interfectus

159 1325 204 1349 est
218 1320 255 1349 C.
268 1319 450 1357 Trebonius,
465 1321 551 1359 jussu
564 1321 742 1352 Dolabellae.

204 1363 481 1401 Sampsiceramus,
496 1366 565 1394 Att.
578 1365 625 1401 II,
640 1368 688 1394 14.
708 1366 755 1395 16.
771 1367 820 1395 17.
830 1366 881 1394 23.
894 1369 938 1395 est
948 1364 1043 1394 Pom-

159 1405 255 1444 peius.
290 1406 443 1436 Caeterum
473 1412 516 1436 est
545 1417 656 1438 nomen
685 1408 906 1438 Emesenorum
934 1406 1042 1447 reguli.

158 1449 278 1485 Strabo,
294 1449 316 1477 l.
332 1448 428 1485 XVI,
444 1460 474 1490 p.
492 1452 582 1480 1092.
594 1450 640 1480 ed.
653 1451 758 1481 Amel.

203 1492 321 1527 Sando,
338 1491 376 1521 ad
387 1492 460 1522 Div.
477 1491 542 1529 ΙΙΙ,
559 1495 588 1523 7.
604 1500 689 1534 pater
703 1492 893 1523 Athenodori
908 1491 1011 1524 Stoici.

204 1534 239 1566 Q.
259 1535 379 1573 Sanga,
396 1535 498 1564 Pison.
514 1536 563 1565 31.
580 1542 709 1573 senator,
722 1536 759 1566 de
774 1536 799 1565 F
801 1535 870 1566 abia
885 1541 984 1575 gente.

202 1578 330 1614 Sannio,
347 1577 385 1607 ad
399 1578 533 1608 Herenn.
548 1579 608 1616 IV,
625 1582 677 1609 50.
693 1588 803 1609 nomen
818 1578 903 1608 servi.

200 1620 330 1657 Sapala,
348 1620 438 1650 Petit.
451 1619 542 1651 Cous.
554 1625 584 1651 8.
596 1623 711 1652 amicus
724 1621 875 1659 Catilinae,
889 1630 996 1661 praeco.

199 1663 330 1701 Sappho,
354 1662 442 1692 Verr.
465 1662 507 1701 V,
532 1666 584 1696 57.
618 1666 684 1704 ejus
707 1670 806 1696 statua
828 1664 860 1694 in
886 1664 1039 1704 Prytaneo

159 1703 358 1744 Syracusano.

200 1747 291 1778 Sara.
308 1747 348 1778 V.
366 1749 512 1788 Sir-egias.
