1137 1848
346 37 494 68 INDEX
517 37 690 69 LEGUM.
917 41 958 71 23

120 124 233 161 Fabia,
249 124 286 154 de
300 125 394 154 servis
408 124 522 155 alienis
537 125 677 162 retentis,
695 135 717 156 s.
735 127 773 155 cle
782 126 962 166 plagiariis,

78 174 113 199 ut
128 168 158 197 in
171 166 319 197 veteribus
331 167 354 196 J
356 167 417 197 uris
429 167 514 198 libris
526 167 644 198 citatur.
667 168 747 208 Ejus
761 169 824 199 haec
836 170 880 200 vis
891 170 961 206 fuit7

77 221 116 241 ne
131 210 199 251 quis
214 215 267 240 aut
286 209 465 250 ingenuum,
489 216 541 240 aut
562 211 749 249 libertinum,
765 218 818 242 aut
841 222 962 243 servum

76 254 223 290 alienum,
248 252 377 282 invitum
394 262 494 282 secum
514 253 648 291 haberet,
665 260 728 292 aut,
744 254 838 285 invito
854 256 900 285 vel
916 255 963 285 in-

77 297 188 327 sciente
207 295 341 332 domino,
366 295 505 326 venderet
528 301 581 326 aut
610 303 720 327 emeret
744 297 847 328 sciens.
882 298 962 337 Ejus

77 339 192 370 mentio
207 338 289 379 apud
305 338 490 376 Ciceronem,
504 349 558 379 pro
575 339 610 369 C.
630 339 756 370 Rabirio
771 340 860 370 Perd.
877 351 901 371 c.
917 342 937 370 3
951 352 960 370 :

75 382 115 413 ad
130 391 222 422 quem
237 381 338 411 locum
358 380 418 411 vid.
435 381 626 411 Turnebum.
647 382 696 412 Cf.
717 384 850 413 Paulum
876 384 960 414 Sent.

78 425 153 456 Rec.
168 425 208 454 V.
224 425 278 461 30,
292 425 331 459 63
357 424 534 461 (irminam,
546 425 633 465 Orig-
647 425 669 455 J
673 436 717 455 ur.
734 437 764 466 p.
781 427 854 456 462.

120 468 233 505 Fabia,
257 468 295 497 de
320 478 450 497 numero
471 473 668 505 sectatorum,
695 478 750 508 pro
771 468 916 507 Murena,
933 479 959 500 c.

77 512 128 542 34.
155 513 321 541 Sectatores
339 510 393 551 qui
413 510 561 547 dicantur,
581 511 640 541 vid.
662 522 710 552 ap.
737 511 891 548 Quintum
907 512 933 542 F
935 523 959 542 r.

79 557 101 573 ‘⁶
114 554 164 584 De
179 554 328 584 Petitione
338 553 554 591 Consulatczsss'
577 554 630 584 ubi
642 555 681 585 ab
695 556 915 585 salutatoribus
931 561 961 585 et

76 597 291 628 deductoribus
306 596 544 636 distinguuntur.
568 597 608 627 Ei
618 597 671 635 rei,
685 598 829 638 quoniam
841 598 879 628 ad
895 608 961 627 am-

75 641 174 671 bitum
200 639 347 680 pertinere
371 639 538 677 videbatur,
562 639 689 670 modum
708 646 836 671 statuere
861 640 960 671 visum

74 689 119 714 est
134 683 241 719 Fabio,
257 682 349 721 hujus
363 682 437 722 legis
452 682 548 712 latori.

117 727 230 757 Flacci
244 727 280 755 de
297 726 391 755 Sulloe
406 727 494 755 actis.
513 725 586 756 Vid.
609 727 742 757 Valeria.

119 769 278 800 Flaminii
297 770 333 798 de
348 779 422 807 agro
444 769 561 798 Gallico
582 775 611 799 et
627 771 752 806 Piceno,
770 769 877 804 (Acad.
895 770 957 807 IV,

73 814 107 849 5)
129 812 244 852 aliquot
267 811 353 841 annis
373 817 443 840 ante
465 811 632 842 secundum
656 813 808 842 Punicum
827 813 956 849 bellum,

71 855 166 885 invito
181 860 297 891 senatu,
309 864 327 883 a
345 855 375 883 C.
392 854 551 884 Flaminio
566 855 634 884 trib.
651 856 730 895 pleb.
744 856 816 893 lata,
829 855 866 885 de
884 866 957 896 agro

72 898 185 928 Piceno
198 903 227 927 et
244 896 361 926 Gallico
376 896 488 926 viritim
498 897 669 928 dividendo.
687 899 725 928 In
738 898 848 936 Bruto,
865 909 889 928 c.
909 899 958 928 14.

73 939 123 971 Cf.
147 940 185 970 de
208 939 327 970 Invent.
353 940 401 977 Π,
435 940 484 974 17.
510 940 564 969 Ad
587 941 617 970 h.
643 941 664 970 1.
689 941 798 970 alludit
822 941 899 971 Cato
922 941 954 971 in

72 983 180 1023 Origg.
197 993 245 1023 ap.
260 982 290 1012 V
292 992 349 1012 arr.
362 982 401 1012 R.
413 983 453 1012 R.
471 983 499 1019 I,
511 984 541 1019 2,
559 983 612 1013 ubi
624 984 703 1013 male
718 983 748 1013 in
765 984 868 1024 vulgg.
880 993 956 1014 non-

70 1026 163 1056 nullis
174 1026 296 1065 legitur‚
304 1025 437 1064 jubente
454 1027 574 1056 Caesare
587 1037 597 1055 .·
622 1036 693 1055 nam
705 1026 730 1055 is
742 1036 813 1066 ager
823 1027 875 1056 diu
887 1032 957 1057 ante

71 1069 221 1100 Caesarem
242 1068 298 1098 hac
312 1068 378 1108 lege
395 1068 508 1099 divisus
528 1075 581 1099 est.
603 1070 741 1099 Gallicus
758 1075 859 1099 autem
883 1080 958 1108 ager

70 1111 125 1153 qui
140 1111 189 1149 sit,
202 1121 230 1141 v.
244 1110 313 1140 Ind.
328 1111 437 1151 Geogr.
462 1111 614 1142 Caeterum
626 1112 704 1142 hanc
718 1112 817 1152 legem
833 1112 954 1142 initium

70 1160 101 1185 et
126 1164 248 1184 causam
274 1160 421 1194 corruptae
444 1155 540 1195 plebis
565 1154 658 1186 fuisse
682 1155 769 1185 docet
794 1154 954 1195 Polybius,

111 1240 153 1271 L.
167 1240 277 1270 Flavii
290 1240 440 1277 Agraria,
457 1239 509 1273 (ad
524 1239 589 1270 Att.
606 1239 635 1277 I,
657 1241 706 1278 18,
723 1240 775 1277 19)
788 1239 842 1281 qui
857 1240 953 1271 tribu-

69 1293 126 1313 nus
140 1283 182 1323 pl.
198 1293 266 1313 eam
290 1282 371 1321 tulit,
397 1282 527 1312 Metello
547 1283 651 1313 Celere
668 1289 697 1313 et
721 1283 852 1313 Afranio
877 1294 951 1314 coss.

68 1331 187 1356 auctore
203 1325 361 1365 Pompeio,
382 1325 434 1356 sed
454 1335 514 1355 non
538 1326 671 1366 pertulit.
695 1326 792 1363 Nam,
813 1325 850 1355 de
872 1327 952 1366 agris

66 1368 234 1399 dividendis
254 1368 393 1409 Pompeii
416 1368 575 1405 militibus,
594 1369 649 1398 διε.
666 1368 801 1404 ferebat;
825 1378 952 1409 magno-

65 1421 195 1451 rumque
217 1417 357 1441 motuum
378 1420 467 1441 causa
486 1411 553 1441 fuit.
577 1411 736 1441 Videndus
752 1411 814 1441 Dio
828 1411 952 1442 Cassius

63 1454 223 1494 imprimis,
239 1454 292 1484 lib.
308 1454 360 1488 37.

105 1498 338 1527 Frumentarz'ae
353 1504 435 1533 sunt,
451 1496 562 1537 quibus
577 1497 696 1537 largitio
708 1497 853 1527 frumenti
869 1498 951 1538 plebi

63 1550 100 1570 ex
113 1539 215 1570 aerario
226 1539 362 1570 facienda
371 1539 523 1580 proposita
536 1546 565 1570 et
576 1540 688 1569 sancita
698 1546 750 1570 est.
775 1539 824 1569 De
836 1541 871 1570 iis
887 1541 949 1570 vid.

61 1582 219 1622 Lipsfflm,
236 1582 333 1612 Elect.
355 1582 384 1619 Ι,
402 1583 440 1611 8:
465 1581 519 1622 qui
534 1588 636 1612 tamen
660 1592 721 1612 non
741 1592 845 1612 omnes
868 1583 949 1623 leges

60 1624 272 1655 frumentarias
292 1624 559 1660 commemoravit3
593 1631 622 1655 et
652 1625 806 1655 Vincentii
835 1628 948 1655 Coma-

60 1669 130 1698 ‘reni
144 1667 181 1698 de
203 1667 228 1697 F
230 1673 395 1698 rumentar.
413 1668 505 1698 Rom.
522 1667 680 1708 largitione
695 1668 821 1703 librum,
838 1669 868 1698 in
884 1679 946 1709 quo

59 1710 204 1753 Lipsiana
227 1710 458 1742 examinantur:
483 1710 594 1751 quibus
619 1710 710 1741 addas
731 1711 800 1741 licet
824 1711 947 1742 collecta
