1137 1848
297 100 446 131 INDEX
471 99 757 131 HISTORICUs.
911 97 969 132 147

80 193 258 218 ornamenta
269 186 410 218 orationis
427 196 465 216 ex
480 184 653 215 Aristotelis
667 184 834 226 praeceptis.
857 183 912 214 Or.
925 181 972 221 11,

82 232 133 261 39.
150 231 225 260 liber
241 231 316 270 ejus,
335 230 364 259 in
382 240 443 270 quo
459 235 536 259 artes
551 228 669 258 dicendi
685 228 823 257 onmium
840 226 974 267 superio-

81 283 151 303 rum
168 273 310 304 narravit.
333 273 381 302 ef.
400 272 469 302 inv.
486 271 530 301 II.

125 319 303 353 Amstoteles,
321 317 360 345 A.
376 315 523 353 Licinius,
537 313 720 351 Melitensis,
734 313 773 343 ad
785 312 858 343 Div.
871 311 971 350 XIII,

80 360 132 388 52.
147 359 254 399 hospes
270 358 431 389 Ciceronis.

126 404 325 436 Aristaenus,
352 401 421 431 Fin.
438 401 481 438 V,
506 401 556 431 19.
578 399 722 430 musicus.
738 399 807 429 Att.
826 397 924 435 VIII,
944 398 974 427 4.

80 444 136 475 Or.
156 444 219 483 111,
241 446 292 475 33.
317 444 410 474 Tusc.
427 443 454 481 I,
480 444 529 473 10.
554 442 628 484 quid
651 442 688 472 de
710 442 813 471 anim&
837 441 971 471 senserit.

80 487 154 517 ibid·
172 489 219 518 18.
235 487 382 518 sententia
396 487 434 517 de
449 486 551 517 animai
562 485 801 526 reprehenditur.
825 484 974 514 Aristote-

78 530 116 560 lis
132 530 306 572 discipulus.

124 574 256 610 Amsms,
267 572 482 609 Academicus,
500 571 566 600 Att.
577 570 620 608 V,
640 572 689 601 10.
710 571 809 601 Acad.
825 570 854 608 I,
871 571 901 599 3.
914 569 975 599 fra-

82 622 127 647 ter
144 616 298 653 Antiochi,
312 617 388 655 ejus,
401 615 455 656 qui
467 620 569 644 auctor
585 614 643 643 fuit
658 614 773 654 quintae
785 613 974 649 Academiae,

82 659 120 689 de
135 670 196 700 quo
213 670 324 700 supra:
350 668 482 698 quocum
498 657 693 697 conjungitur
705 657 800 687 Tusc.
812 657 841 687 V
846 678 855 693 ,
873 657 902 685 8.
927 655 977 685 stc

81 702 162 732 enim
179 702 222 733 ibi
236 701 411 742 legendum,
427 711 488 730 non
506 703 614 738 Ans-to,
632 706 667 729 ut
681 699 809 730 docuere
831 699 869 728 ad
885 699 975 728 illum

82 745 185 775 locum
210 745 352 775 Davisius
379 751 408 774 et
430 743 594 774 Buherius.
627 743 676 772 M.
700 743 793 772 Bruti
820 742 974 782 magister.

84 787 267 818 Plutarchus
282 787 313 816 in
330 788 418 817 Brut.
433 787 498 816 init.
514 786 582 815 ideo
595 791 677 825 φιλον
699 791 728 815 et
746 786 910 824 συμβιωτην
924 794 977 814 νο-

83 837 139 861 cat.
158 831 249 861 Brut.
268 831 318 865 97.
335 829 511 860 Academiae
526 829 630 867 haeres,
647 828 754 869 hospes
770 834 799 858 et
814 826 972 858 familiaris

86 874 249 904 Ciceronis.

127 919 261 954 Artstus,
276 916 308 945 in
326 916 413 946 Verr.
430 915 473 953 V,
494 915 542 944 12.
565 914 810 944 Panormitanus.

127 961 259 999 Arquus,
276 969 300 989 s.
319 960 427 997 Arcus7
442 957 555 999 Arqui.
575 957 649 987 Nat.
661 957 703 987 D.
716 956 780 995 III,
798 957 846 988 19.
870 955 975 986 Thau-

85 1002 197 1033 mantis
212 1002 302 1032 filius.

132 1046 167 1076 C.
179 1046 297 1080 Arrius,
312 1044 350 1074 ad
366 1043 432 1074 Att.
450 1043 496 1080 ΙΙ,
519 1047 568 1080 14,
589 1046 640 1081 15,
658 1044 715 1073 «Sc.
728 1043 843 1073 amicus
859 1041 980 1072 Cicero-

87 1088 131 1127 ni,
148 1094 178 1119 et
189 1087 304 1118 vicinus
320 1089 385 1127 ejus
400 1088 431 1117 in
448 1087 621 1117 Formiano.
632 1086 671 1115 ad
687 1086 728 1124 Q.
743 1087 795 1116 Fr.
810 1084 837 1122 I,
850 1089 879 1116 3.
897 1095 982 1114 sum-

87 1141 171 1161 mam
187 1131 351 1161 amicitiam
367 1141 437 1160 cum
452 1130 595 1160 Cicerone
611 1129 769 1166 simulans,
787 1139 858 1159 eum
873 1127 979 1157 insidi-

89 1184 140 1204 ose
155 1179 270 1204 tractat.
295 1173 354 1204 Sed
366 1173 489 1203 fortasse
501 1173 593 1203 etiam
602 1172 659 1202 hoe
674 1172 803 1202 alterum
816 1171 855 1201 ad
865 1171 905 1208 Q.
919 1173 983 1200 Ar-

88 1216 169 1247 rium
185 1216 228 1246 fil.
250 1216 352 1246 referri
367 1222 475 1256 potest,
492 1225 585 1256 quem
599 1215 713 1256 ipsum,
734 1215 806 1245 Vat.
828 1218 877 1251 12,
894 1213 983 1243 fami-

91 1260 198 1290 liarem
214 1270 305 1289 suum
321 1260 464 1300 appellat.

134 1303 169 1336 Q.
186 1304 305 1341 Arrius,
321 1303 375 1331 Br.
394 1303 444 1332 159.
476 1302 571 1331 Grata
586 1300 700 1342 populo
715 1301 878 1330 verborum
894 1299 979 1340 copia

90 1344 160 1382 fuit,
188 1344 258 1385 quiz,
279 1345 385 1374 infimo
407 1345 472 1374 loco
496 1350 597 1380 natus,
621 1343 781 1384 pecuniam
803 1349 832 1372 et
857 1343 983 1373 honores

91 1394 267 1418 consecutus
283 1394 338 1425 est,
352 1389 408 1418 &a
434 1388 521 1418 Verr.
539 1386 603 1425 ΙΙΙ,
625 1388 672 1415 15.
688 1392 717 1416 et
734 1386 776 1423 V,
791 1390 842 1416 20.
867 1385 985 1416 Praetor

92 1431 201 1461 Siciliae
213 1430 398 1471 designatus,
421 1440 481 1460 non
498 1430 638 1460 successit
655 1429 755 1467 Verri,
771 1429 864 1469 quod,
882 1434 985 1458 exorto

90 1474 171 1503 bello
181 1474 288 1508 servili,
303 1473 411 1503 missus
424 1479 467 1503 est
481 1479 585 1503 contra
597 1471 727 1502 Crixum
737 1479 766 1502 et
779 1474 960 1513 Spartacum
972 1482 982 1507 ;

92 1526 223 1556 quorum
247 1517 336 1546 illum
359 1516 541 1557 profligavit,
565 1517 603 1546 ab
631 1515 688 1545 hoc
710 1515 806 1545 victus
830 1520 883 1545 est.
915 1514 985 1545 Liv-

94 1559 180 1600 Epit.
196 1561 247 1590 96.

139 1602 175 1636 Q.
194 1602 310 1639 Arrius,
332 1602 371 1632 ad
392 1603 459 1632 Att.
484 1601 530 1639 ΙΙ,
548 1604 578 1631 5.
602 1600 774 1632 destituitur
792 1601 824 1630 in
843 1600 987 1641 petitione

90 1645 264 1676 consulatus
283 1655 301 1674 a
318 1645 448 1683 Caesare,
472 1655 564 1685 quem
585 1645 648 1685 ipse
667 1651 735 1674 ante
753 1645 883 1684 juverat.
911 1643 983 1673 Vat.

98 1692 146 1719 12.
162 1689 289 1729 epulum
305 1688 387 1718 dedit
402 1688 434 1718 in
460 1688 605 1718 honorem
625 1687 729 1728 patris,
752 1689 871 1717 (jaesare
886 1692 916 1717 et
930 1686 987 1716 Bi-

94 1731 167 1762 bulo
187 1741 260 1761 COSS.
290 1730 321 1761 Is
343 1737 386 1761 est
401 1731 503 1769 etiam,
526 1741 618 1771 quem
632 1730 766 1761 amicum
781 1740 872 1760 suum
887 1735 985 1767 vocat,

94 1784 149 1814 pro
170 1774 300 1811 Milone,
321 1773 522 1812 17.3Videtur
536 1780 638 1804 autem
658 1784 720 1804 esse
735 1773 816 1803 filius
832 1772 874 1810 Q.
890 1772 988 1809 Arrii,
