1137 1848
331 87 480 120 INDEX
504 87 791 121 HISTORICUS.
940 91 1001 122 221

114 173 191 204 mari
207 173 471 215 Carthaginienses
486 174 570 212 vicit,
596 179 674 205 recte
698 174 755 206 viri
778 174 859 205 docti
879 185 1005 207 censue.

115 222 198 254 runt,
225 217 388 258 legendum
414 228 477 248 esse
503 217 536 247 C.
566 217 717 256 Duellius,
745 228 768 248 s.
794 218 895 258 potius
916 219 1005 249 Duil-

116 259 181 289 lius.

160 302 263 339 Duris,
280 303 412 341 Samius,
429 303 497 333 Att.
515 303 576 339 VI,
596 303 624 332 l.
642 302 734 333 homo
749 303 780 333 in
792 303 916 334 historia
932 305 1001 335 dili-

113 355 196 385 gens.
221 345 309 376 Vixit
331 346 489 376 Ptolemaei
511 345 705 385 Philadelphi
729 347 925 386 temporibus.
952 347 1003 378 De

113 389 178 427 ejus
193 389 308 429 scriptis
321 390 442 419 consule
463 389 550 419 Voss.
570 388 607 418 de
625 388 705 418 Hist.
724 388 777 418 Gr.
798 388 824 425 I,
845 390 892 419 15.
909 401 1003 430 quern

111 431 286 471 compilavit
302 431 482 462 Harduinus
498 432 528 460 in
545 431 642 461 Indic.
657 431 749 462 Auct.
764 431 896 462 Plinian.
920 433 1004 463 Add.

114 473 242 504 Diodor.
258 475 290 505 S.
309 474 387 511 XV,
404 486 434 515 p.
452 475 525 509 373.
542 475 616 509 374.

157 516 189 546 C.
204 518 367 555 Duronius,
384 518 454 547 Att.
468 517 511 553 V,
528 518 557 546 8.

154 561 202 590 Μ.
222 561 385 596 Duronius,
404 560 459 591 Or.
477 560 526 596 II,
553 560 601 589 16.
626 565 780 590 accusator
801 560 929 591 censoris
950 561 1000 591 M.

111 602 238 633 Antonii
254 608 326 633 orat.
350 603 387 632 de
413 603 540 633 ambitu.
566 603 627 632 Hic
644 603 802 632 Duronius
817 610 883 643 post
899 614 917 633 a
932 614 1000 634 cen-

111 656 177 675 sore
194 645 241 675 M.
259 646 393 675 Antonio
405 652 434 675 et
450 645 565 685 collega
581 645 619 675 L.
636 646 745 675 Flacco
762 645 799 675 de
814 652 920 676 senatu
936 657 1003 676 mo-

112 694 160 718 tus
176 694 230 725 est,
244 688 326 729 quod
342 688 372 717 in
389 688 544 717 tribunatu
554 688 652 727 legem
665 688 702 717 de
713 688 882 718 co'e‘rcendis
897 690 999 719 convi-

112 731 231 761 viorum
256 731 406 761 sumtibus
426 731 520 761 latam
543 732 746 771 abrogaverat.
765 730 804 760 V.
822 731 924 762 Valer.
947 732 997 762 M.

112 773 160 811 ΙΙ,
174 776 204 804 9.
221 776 251 804 5.

158 817 391 856 Dyrrhachium,
408 816 496 846 Verr.
513 815 574 855 IV,
596 816 646 846 56.
669 815 807 857 princeps
824 815 1000 858 Centuripi-

113 869 233 890 norum.

532 944 573 975 E.

154 1031 338 1068 Echecrates,
362 1030 432 1060 Fin.
449 1030 492 1067 V,
509 1031 560 1061 29.
586 1029 806 1070 Pythagoreus,
827 1029 997 1068 Lo'crensis,

112 1074 248 1104 Platonis
271 1074 404 1114 aequah's.
437 1073 520 1103 Eum
537 1073 628 1103 etiam
647 1073 845 1109 Iamblichus,
865 1073 999 1113 aliosque

109 1117 186 1147 duos
202 1116 336 1156 ejusdem
352 1116 493 1153 nominis,
519 1122 734 1146 commemorat
750 1116 826 1145 inter
843 1116 998 1156 Pythago.

109 1170 185 1195 reos,
201 1170 225 1190 c.
240 1160 294 1189 ult.
312 1159 341 1188 V
344 1159 376 1188 it.
389 1159 479 1199 Pyth.
496 1165 525 1189 et
540 1159 643 1188 Laert.
661 1158 758 1195 VIII,
776 1160 826 1188 48.

153 1204 277 1240 Echion,
293 1202 397 1243 pictor.
423 1201 531 1231 Parad.
543 1201 584 1239 V,
596 1203 625 1231 2.
639 1202 717 1240 Ejus
728 1201 842 1231 mentio
851 1205 895 1230 est
905 1201 996 1231 etiam

108 1245 140 1276 in
172 1246 280 1276 Bruto.
313 1245 352 1275 In
377 1244 542 1275 Paradoxis
572 1244 645 1274 olim
671 1245 837 1284 legebatur,
862 1244 993 1274 Acraeon.

109 1288 294 1318 Emendavit
324 1287 512 1317 Lambinus:
544 1287 626 1327 quod
655 1286 769 1317 mirum
798 1292 842 1317 est
868 1288 997 1317 nescisse

110 1330 321 1367 Harduinum,
334 1330 373 1360 ad
384 1330 463 1359 Plin.
484 1330 628 1367 XXXV,
645 1330 676 1365 7.

154 1374 273 1414 Egeria,
290 1373 366 1414 Leg.
385 1372 414 1410 I,
435 1376 460 1403 1.
483 1372 630 1414 nympha,
658 1371 792 1413 quacum
808 1371 916 1402 Numa
935 1372 998 1402 col·

107 1417 227 1447 locutus
242 1421 296 1446 est.

159 1460 307 1499 Egesinus,
330 1457 424 1489 Acad.
440 1456 500 1495 IV,
517 1458 546 1488 6.
570 1457 709 1488 Euandri
728 1457 857 1495 auditor,
874 1457 996 1488 Acade-

111 1502 218 1533 micus.
244 1502 460 1541 Pergamenus,
475 1501 506 1530 in
522 1511 583 1542 quo
598 1500 698 1531 media
711 1499 879 1530 Academia
893 1499 992 1532 desiit.

111 1545 214 1575 Lae'rt.
232 1544 293 1581 IV,
310 1545 362 1574 60.

154 1588 283 1626 ligium,
296 1587 333 1617 de
343 1587 399 1618 Or.
411 1586 460 1624 II,
473 1586 524 1616 68.
537 1586 660 1616 festivus
668 1585 769 1615 homo.
786 1585 881 1615 Hunc
892 1584 994 1616 locum

111 1630 216 1661 laudat
229 1630 350 1660 Nonius
364 1630 396 1659 in
412 1640 440 1659 v.
458 1629 552 1658 Colus.
576 1628 634 1659 Sed
654 1628 697 1658 ibi
717 1627 784 1657 edd.
800 1634 871 1658 vett.
890 1638 995 1659 omnes

109 1673 223 1704 habent
237 1673 361 1703 Decilln.
384 1672 445 1712 Ap.
462 1671 599 1707 Livium,
613 1671 707 1709 XLI,
722 1674 769 1700 13.
785 1677 828 1701 est
843 1670 882 1702 L.
903 1671 996 1712 Egili-

108 1727 165 1753 us‚·
190 1715 243 1745 sed
267 1715 498 1746 Drakenborch.
527 1719 616 1756 putat
640 1713 805 1754 legendum
830 1715 995 1745 AEmilius:

109 1768 202 1799 quem
219 1757 279 1788 vid.

716 1807 737 1830 υ
756 1799 777 1829 3
