1137 1848
335 67 484 98 INDEX
507 67 680 98 LEGUM.
905 67 947 101 27

68 161 138 183 nam
154 162 202 193 ap.
226 151 359 183 Dionem
377 153 486 184 dicitur
503 152 634 192 Φουῷιος)
657 153 780 183 tribuno
799 151 880 193 pleb.
897 151 947 182 Μ.

69 195 205 226 Messala
228 201 257 225 et
276 195 326 225 M.
352 196 461 226 Pisone
480 206 553 226 COSS.
573 196 613 226 A.
638 196 678 226 U.
704 196 776 226 692.
800 195 841 225 Ei
866 205 950 225 occa-

67 237 181 268 sionem
205 237 287 268 dedit
310 238 444 269 Clodius.
468 238 532 276 Qui
556 248 625 268 cum
650 249 732 269 sacra
754 239 850 268 Eonae
874 237 949 267 Deae

66 280 229 320 polluisset,
245 287 274 311 et
293 281 331 312 de
347 282 382 312 eii
399 292 430 311 re
443 292 459 311 e
474 283 555 312 &Oto
565 281 727 312 consularis
743 281 856 321 rogatio
872 280 951 310 facta

68 329 153 361 esset,
184 334 221 354 ex
253 322 314 364 quiz
344 335 362 354 a
385 330 511 364 praetore
534 324 565 354 in
590 324 704 363 judicio
725 324 874 354 modiano
898 324 949 361 ju-

67 365 147 395 dices
166 366 347 406 legerentur,
374 367 548 407 amicusque
568 367 668 397 Clodii
694 367 800 396 Fufius
824 366 947 402 videret,

67 408 102 438 e5.
125 409 191 448 lege
210 409 336 450 perlaffi,
357 421 434 450 aegre
454 410 563 440 servari
582 420 667 450 posse
691 409 854 444 modinum
880 408 950 438 tulit

67 450 142 492 ipse,
165 458 200 481 ut
219 452 335 491 judices
354 458 430 482 sorte
448 452 646 489 ducerentur;
671 452 753 493 quod
773 452 815 482 ita
832 451 950 481 facilius

65 500 184 533 putaret
196 495 312 534 judices
327 495 475 534 ejusmodi
495 495 569 532 fore,
586 495 639 536 qui
654 506 685 525 se
705 495 857 535 corrumpi
872 494 951 523 sine-

65 542 140 566 rent.
164 536 242 576 Ejus
267 538 341 578 legis
367 538 504 568 defensor
527 538 585 568 fuit
607 538 799 574 Hortensius,
823 537 905 577 quod
932 547 950 566 a

69 579 221 619 rogatione
254 581 402 611 consulari
426 582 488 611 solo
511 591 619 621 genere
641 581 779 620 judicum
805 580 949 616 differret,

66 628 255 663 putaretque,
282 624 374 654 nullis
397 624 485 654 iHum
510 624 663 662 judicibus
692 623 818 660 absolvi,
843 628 872 652 et
901 622 949 652 vel

64 665 208 712 plumbeo
218 665 318 706 gladio
325 667 470 707 jugulari,
484 677 569 708 posse
581 667 649 707 (Ad
658 666 754 696 Attic.
765 667 793 705 Ι,
808 667 858 704 1-1,
872 663 925 704 16)
938 675 947 701 ;

64 716 96 737 m
113 718 173 748 quo
188 709 378 739 vehementer
393 710 533 750 deceptus
554 716 607 739 est.

108 750 211 789 Furia,
234 762 285 782 seu
302 751 390 782 Fusia
403 765 414 788 ,-
438 762 510 782 nam
526 752 606 782 idem
622 762 733 782 nomen
749 757 802 789 est,
814 757 844 781 et
863 749 950 781 Furii

64 793 157 823 iidem
172 799 201 823 et
210 794 291 824 Fusii
301 801 372 825 sunt
383 795 534 835 appellati.
551 796 592 826 V.
606 795 674 825 Liv.
695 795 762 832 III,
780 796 799 824 4
813 805 822 830 ;
847 793 949 831 Quin-

66 836 109 866 til.
125 836 154 873 Ι,
174 836 233 872 10;
258 844 287 867 et
302 837 490 867 Hotomann.
507 838 546 867 ad
562 838 650 869 Verr.
666 839 713 875 II,
731 839 783 875 42,
800 837 854 866 ubi
869 836 949 866 male

65 879 157 918 vulgo
182 879 288 919 legunt
312 881 418 911 Furias
442 881 557 910 Fusias.
581 881 628 910 Ea
649 887 691 910 est
710 882 745 910 de
765 881 947 916 testamentis,

63 922 145 951 unde
169 925 386 952 testamentaria
408 923 586 963 appellatur.
609 923 661 953 Ex
683 923 800 963 legibus
822 922 949 952 Duode-

64 963 125 994 cim
141 964 334 995 Tabularum
349 965 457 996 licebat
472 966 571 1005 legata
586 966 681 996 facere
696 966 733 995 de
747 976 779 995 re
793 964 857 1002 sue,
874 969 948 1005 quot

64 1007 133 1047 quis
150 1007 248 1038 vellet.
276 1007 325 1037 Uti
345 1008 594 1048 quisquelegcisaz't
610 1019 669 1038 suae
684 1010 738 1047 rei,
756 1010 795 1037 ita
806 1011 863 1048 jus
879 1015 948 1037 esto.

64 1049 135 1087 Sed,
152 1060 221 1080 cum
238 1061 315 1091 saepe
330 1056 449 1080 tantum
464 1052 625 1091 legaretur,
638 1057 672 1081 ut
688 1057 741 1081 aut
755 1061 816 1080 non
832 1049 949 1080 suffice„

64 1098 109 1122 ret
129 1103 174 1123 res
194 1093 317 1131 mortui,
339 1099 392 1123 aut
410 1094 518 1124 saltem
537 1095 744 1124 absumeretur
767 1093 809 1123 ita
829 1093 946 1132 legatis,

63 1141 98 1165 ut
109 1136 219 1166 haeredi
234 1136 311 1166 nihil
323 1137 541 1177 relinqueretur
552 1148 561 1173 ;
579 1137 741 1167 noluerunt
751 1136 842 1166 multi
854 1136 948 1165 haere-

62 1177 170 1209 ditates
184 1188 311 1209 cernere.
336 1180 451 1217 Quare,
473 1190 543 1210 cum
559 1180 675 1210 intersit
692 1179 765 1220 reip.
783 1180 880 1209 valere
895 1188 947 1208 vo-

63 1220 194 1251 luntates
207 1221 413 1260 morientium,
426 1229 579 1263 coeperunt
594 1222 719 1263 quidam
732 1228 767 1252 ae
776 1225 856 1251 modo
871 1223 949 1260 legu-

65 1265 102 1295 zis
126 1266 325 1295 constituendo
347 1265 484 1306 cogitare.
512 1266 621 1306 ltaque
642 1265 711 1295 tulit
735 1264 774 1295 ad
797 1264 947 1305 populum

67 1307 182 1338 *orimus
206 1308 242 1338 C.
266 1307 389 1345 Furius,
414 1315 447 1337 ut
470 1319 526 1338 non
551 1310 647 1338 liceret
665 1311 741 1346 μίας,
765 1318 849 1346 quam
870 1307 948 1335 mille

65 1360 137 1380 asses
152 1352 242 1389 legati
256 1353 368 1380 nomine
387 1361 499 1390 capere,
515 1352 592 1391 isque
607 1351 802 1391 quadruplam
817 1350 947 1385 solz-eret,

63 1394 113 1433 qui
121 1393 187 1431 plus
200 1395 324 1432 cepisset.
349 1393 528 1431 menardus,
546 1394 584 1423 ad
600 1394 662 1424 Cic.
672 1394 692 1423 1.
704 1403 728 1423 c.
743 1392 946 1435 Theophilus,

64 1435 103 1465 ad
126 1436 224 1466 Instit.
249 1437 288 1466 L.
311 1437 360 1475 ΙΙ,
381 1447 405 1466 c.
431 1438 483 1466 22.
505 1437 583 1476 Ejus
606 1436 681 1477 legis
701 1435 814 1466 mentio
834 1441 877 1465 est
897 1445 945 1475 ap.

69 1478 131 1508 Cic.
143 1479 175 1508 in
191 1479 278 1510 Verr.
294 1480 342 1518 ΙΙ,
360 1490 384 1510 c.
399 1480 439 1509 42
453 1491 462 1515 3
487 1490 541 1520 pro
557 1479 667 1517 Balbo,
681 1490 704 1509 c.
722 1480 750 1508 8.

108 1521 202 1551 Furia
224 1523 317 1553 Atilia
340 1529 384 1552 est
401 1524 440 1552 L.
458 1522 544 1552 Furii
560 1528 589 1552 et
605 1523 679 1552 Sem.
696 1522 782 1552 Acilii
797 1521 886 1551 tribb.
902 1520 945 1560 pl.

65 1563 108 1595 A.
122 1565 162 1595 U.
183 1565 257 1603 617,
284 1565 322 1595 de
337 1565 483 1595 Mancino
506 1565 642 1595 hostibus
657 1564 803 1601 dedendo,
820 1563 946 1604 quibus-

63 1617 144 1645 cum,
160 1607 277 1646 injussu
299 1610 417 1639 senatus
439 1614 468 1638 et
482 1608 599 1649 populi,
618 1617 722 1648 pacem
736 1607 855 1637 fecerat.
879 1605 944 1636 Off„

62 1649 128 1684 ΙΙΙ,
145 1651 196 1680 30.

106 1692 231 1724 Gabinia
245 1698 289 1724 est
298 1695 340 1726 A.
356 1693 479 1724 Gabinii
503 1694 616 1725 tribuni
631 1693 674 1734 pl.
699 1693 775 1732 ejus,
793 1691 846 1733 qui
860 1696 943 1733 post-
