1137 1848
339 62 488 93 INDEX
512 62 798 94 HISTORICUS.
950 64 1012 95 259

172 149 333 185 Isocratem,
357 147 413 178 Or.
429 147 476 185 II,
500 151 529 178 2.
546 148 725 189 eloquentiae
740 154 834 189 pater.
858 148 947 179 Brut.
967 152 1015 178 12.

130 197 222 230 negat
237 201 298 221 esse
313 197 407 220 artem
423 191 541 221 dicendi
554 203 561 220 ι
587 191 653 220 aliis
662 191 809 221 orationes
824 191 933 221 scribit.
948 190 1017 221 Inv.

131 231 176 269 ΙΙ,
201 237 230 263 2.
260 235 324 272 ejus
347 243 394 263 ars
418 234 563 263 rhetorica
582 244 650 274 quae
674 234 774 269 fucrit,
797 234 961 273 ignoratur.
979 233 1018 263 ad

130 275 204 305 Div.
222 276 251 311 l,
268 279 297 306 Ξ).
314 282 376 305 tota
392 277 456 315 ejus
466 277 541 306 ratio
555 276 639 306 libris
656 276 808 306 Ciceronis
825 277 873 306 De
888 276 1016 306 Oratore

129 318 309 349 continetur.
334 319 391 349 Or.
414 323 458 349 13.
474 319 616 348 laudatur
631 329 648 348 a
666 319 791 348 Platone
806 319 836 348 in
855 319 994 348 l’haedro.

171 362 268 398 Jahn,
287 360 362 401 Agr.
376 360 422 400 II,
440 365 492 392 22.
508 361 695 402 Hiempsalis
710 361 802 400 filius,
820 362 1016 391 Mauritania:

127 403 216 443 regis,
233 404 399 444 capillatus.

171 447 318 476 dubeltz'us
338 448 465 482 Tum-ea.
483 447 545 477 Pis.
568 450 614 477 11.

173 490 311 527 Jubeffii,
334 489 411 530 Agr.
430 489 476 527 11,
492 491 543 520 34.
560 490 675 520 nobiles
692 489 843 530 Campani
858 489 938 520 bello
954 489 1017 519 Pu-

131 530 199 561 nico
214 533 353 562 secundo.

171 576 199 604 J
200 576 337 615 ugurtha,
362 575 473 605 Manil.
490 577 540 605 20.
556 575 672 604 bellum
688 585 758 605 cum
770 585 804 605 eo
820 574 922 604 Mario
935 585 1018 604 com-

129 616 269 646 mittitur.

175 661 208 689 C.
234 661 345 698 Julius,
371 661 408 690 L.
426 661 463 691 F.
486 661 540 690 ΒΓ.
562 663 615 690 48.
641 666 740 690 orator
760 669 820 689 non
842 660 1016 696 vehemens,

132 701 183 731 sed
198 702 415 733 festivissimus.
441 703 601 733 Orationes
617 709 646 733 et
662 703 818 743 tragoedias
834 702 964 742 reliquit.
986 703 1017 732 in

133 744 235 775 Caecil.
260 749 308 776 19,
326 746 479 776 contendit
495 756 563 775 curn
579 745 638 776 Cn.
657 745 805 784 Pompeio
821 746 967 774 Strabone
982 745 1020 775 de

131 788 299 818 accusando
322 789 467 818 Albucio.
495 787 544 818 Cf.
573 788 637 818 Off.
666 787 711 825 ΙΙ,
742 789 790 817 14.
816 787 870 817 Or.
902 786 965 824 ΙΙΙ,
988 789 1018 817 3.

130 829 266 870 proditus
279 832 316 861 ab
333 831 462 861 Etrusco
473 831 600 870 hospite,
615 831 701 869 jussu
715 830 821 860 Cinnae
831 830 1020 867 interficitur,

130 878 159 902 et
174 879 264 913 caput
273 874 302 903 in
318 874 435 903 Rostris
450 874 581 913 ponitur.
595 874 636 903 V.
650 873 739 902 etiarn
758 875 790 903 C.
808 876 916 910 (cesar,
933 874 971 903 L.
984 873 1020 902 F.

175 916 214 945 L.
233 918 348 953 Julius,
372 916 411 946 L.
439 916 474 945 F.
503 916 594 945 frater
622 915 825 956 praecedentis.
850 915 939 944 Font.
972 919 1018 945 15.

132 958 212 988 bello
237 959 348 994 sociali.
373 969 443 989 cum
471 958 585 998 collega
608 959 639 987 in
663 959 819 988 consulatu
847 957 883 987 l'.
901 958 1019 987 Rutilio

132 1001 234 1041 Lupo,
251 1001 421 1041 prat-ficitur.
449 1001 526 1040 Ejus
550 1001 641 1041 legati
664 1001 717 1041 qui
743 1000 866 1033 fuerint,
889 1010 916 1029 v.
950 1001 1021 1040 Ap-

132 1043 214 1083 pian.
230 1045 270 1073 B.
289 1043 325 1074 C.
339 1044 392 1073 lib.
411 1043 437 1079 I,
454 1055 484 1084 p.
499 1045 571 1074 634.
585 1044 637 1073 ubi
650 1053 808 1083 perperam
824 1044 930 1073 scitus
945 1043 1019 1073 dici-

130 1092 192 1116 tur.
217 1087 324 1117 Rabir.
345 1087 434 1116 Perd.
450 1088 479 1122 7.
504 1087 543 1116 V.
561 1087 599 1116 L.
620 1088 732 1115 Caesar.

180 1129 213 1158 L.
229 1128 341 1168 Julius,
365 1129 403 1159 L.
424 1130 460 1159 F.
478 1129 533 1160 Or.
551 1129 617 1167 ΙΙΙ,
637 1130 667 1159 3.
684 1139 754 1158 cum
770 1128 861 1158 fratre
877 1127 912 1158 C.
929 1128 1018 1159 Julio

130 1171 318 1202 interficitur.

176 1216 216 1245 L.
232 1216 349 1252 Julaus,
374 1215 411 1245 ad
433 1216 506 1245 Div.
528 1214 628 1251 XIII,
653 1216 684 1244 6.
703 1214 821 1244 videtur
840 1213 1020 1254 publicanus

131 1267 194 1288 esse
209 1258 355 1287 societatis
370 1259 535 1288 Africanae.

177 1302 211 1330 S.
226 1300 337 1338 Julius,
362 1300 483 1331 Cornel.
503 1301 528 1330 Ι.
545 1301 649 1332 consul
667 1310 738 1330 cum
754 1299 792 1329 Ia.
810 1299 928 1329 Marcio
945 1299 1020 1329 Phi-

132 1343 228 1383 lippo.
255 1342 348 1373 Dom.
366 1346 416 1374 53.
442 1343 517 1374 Her.
543 1344 588 1380 ΙΙ,
612 1344 659 1373 13.
680 1349 790 1383 praetor
813 1343 956 1378 urbanus,
975 1343 1016 1372 T.

135 1386 309 1415 Flaminino
335 1392 364 1416 et
390 1386 430 1424 Q.
455 1387 583 1417 Metello
604 1396 676 1416 coss.
701 1385 852 1424 judicium
870 1384 1018 1424 mandati,

134 1427 205 1458 curn
221 1428 338 1459 haerede
353 1430 418 1468 ejus
434 1430 487 1470 qui
502 1429 672 1465 mandinat,
690 1438 750 1458 non
765 1427 871 1457 reddit.

176 1471 281 1508 Junia,
305 1482 378 1512 gens
393 1473 528 1512 patricia,
545 1483 582 1502 ex
605 1472 666 1511 qua
683 1471 721 1500 1..
744 1470 859 1500 Junius
879 1470 1017 1507 Brutus;

133 1513 261 1554 plebeia,
279 1524 315 1544 ex
332 1515 393 1555 qua
410 1515 518 1555 reliqui
536 1514 634 1544 Bruti.
654 1514 693 1543 V.
713 1513 744 1542 in
760 1513 800 1542 L.
812 1513 933 1542 Brutus.

177 1555 198 1585 J
202 1558 282 1586 unia.
306 1557 344 1586 ad
360 1557 432 1587 Div.
451 1557 527 1595 XV,
546 1559 574 1587 8.
590 1567 668 1587 uxor
685 1555 721 1587 C.
737 1555 878 1586 Marcelli
892 1555 996 1596 patris.

174 1599 336 1629 szz'anus.
356 1600 395 1630 V.
415 1602 546 1631 Crassus.

182 1642 216 1671 C.
236 1641 357 1680 szius,
381 1643 468 1673 Verr.
495 1642 541 1679 ΙΙ,
567 1643 597 1672 6.
623 1642 743 1673 Cluent.
764 1645 815 1671 20.
840 1642 896 1671 διε.
921 1641 1018 1680 judex

135 1684 308 1725 quaestionis
323 1696 361 1716 ex
376 1686 517 1717 aedilitate
530 1686 563 1717 in
577 1686 667 1717 causa
683 1684 819 1717 Cluentii
832 1689 938 1716 contra
951 1685 1019 1726 Op-
