1122 1868
140 74 204 105 268
358 75 507 106 INDEX
530 75 562 107 H
567 74 813 107 ISTORICUS.

135 160 177 191 V.
196 160 354 191 Plutarch.
370 161 401 191 in
419 160 573 199 Cicerone,
589 173 619 202 p.
636 162 708 191 868.
732 161 838 191 Fuisse
853 164 955 190 autem
976 158 1014 190 P.

137 203 262 234 Lentuli
275 204 416 244 principis
427 207 544 245 senatus
554 210 693 245 nepotem
708 202 844 234 Ciceroni
856 202 1016 241 credimus,

137 245 227 278 Catil.
244 246 307 281 ΙΙΙ,
325 250 352 277 5.
379 247 485 288 Itaque
496 254 524 277 et
539 247 599 285 hic,
612 253 645 276 ut
657 257 746 286 saepe,
761 252 839 276 errat
853 245 1016 282 Asconius,

137 289 175 319 ad
192 289 263 319 Div.
288 290 318 319 in
343 289 444 320 Caecil.
469 300 493 320 c.
517 292 568 320 21.
590 290 642 320 ubi
667 289 764 319 filium
784 289 866 318 illius
892 287 1018 318 Lentuli

135 332 215 362 facit.
240 332 334 362 Hunc
349 333 439 362 etiam
455 338 529 373 puto
544 343 605 363 esse
617 342 696 366 eum,
715 332 767 372 qui
783 336 914 372 quaestor
929 331 1020 360 urba·

136 384 194 405 nus
211 385 280 405 cum
305 375 342 405 L.
358 376 476 405 Triario
491 375 560 411 fuit,
578 375 716 415 Scipione
740 381 769 404 et
785 375 930 404 Norbano
945 382 1019 403 coss.

136 424 171 447 ut
185 418 299 458 opinor.
318 418 403 447 verr.
423 418 469 453 H,
498 421 545 448 1⁴.
572 418 665 453 Nam,
682 417 759 447 inter
775 427 844 446 eum
860 425 976 446 annum
991 420 1021 452 et

139 461 328 490 consulatum
345 462 421 500 ejus,
438 460 585 499 interjecti
601 466 671 490 sunt
686 460 756 489 anni
773 460 855 489 xil.

180 505 213 533 Ρ.
232 503 380 533 Lenlu'us
398 505 612 541 sslarcellimw,
634 502 713 532 filius
729 502 777 532 M.
794 501 946 539 Marcelli,
961 510 1018 541 pa-

137 545 189 576 tris
207 546 370 576 AEsernini.
394 547 482 575 Brut.
499 550 550 576 55.

180 590 220 618 P.
234 588 383 619 Lentulus
400 591 556 628 Spinther,
568 588 610 618 ita
625 588 721 617 dictus
733 589 771 618 ab
785 587 929 617 histrione
944 596 1021 627 quo-

137 631 219 667 dam,
245 639 366 672 propter
392 632 632 661 similitudinem.
656 631 719 661 Off.
746 631 794 667 11,
825 634 872 660 16.
899 629 1020 659 consule

136 674 278 704 Cicerone
294 674 399 710 aedilis,
416 674 572 715 splendore
589 673 680 703 vincit
695 683 808 703 omnes.
830 672 868 702 ad
884 671 972 709 Quir.
989 682 1020 712 p.

136 717 215 746 Red.
234 719 262 745 5.
288 717 326 746 ad
347 723 485 747 senatum
509 717 547 747 de
570 716 713 747 Cicerone
736 715 900 745 revocando
918 713 1017 744 refert.

137 758 186 788 De
202 760 266 797 ejus
282 760 371 799 operit
384 760 413 788 in
425 760 567 790 Cicerone
579 758 754 795 revocando,
767 758 796 787 in
808 758 864 788 hac
876 757 1019 796 oratione,

135 807 164 830 et
180 801 213 830 ez}
223 802 252 830 in
265 802 366 832 Senat.
383 813 412 843 p.
423 802 499 832 Red.
513 802 649 842 aliisque,
662 812 739 842 saepe
755 804 1019 831 commemoratur.

133 844 172 873 ad
190 843 261 873 Div.
279 844 378 881 XIII,
401 846 451 874 48.
471 845 585 875 Ciliciae
603 844 762 885 proconsul
782 843 880 884 legem
907 841 1021 872 Ciliciae

135 887 301 916 constituit.
318 887 355 917 ad
372 887 442 917 Div.
461 886 488 924 I,
520 892 544 918 l.
567 898 632 928 sqq.
658 887 862 917 Ptolemaeum
881 885 1022 915 reducere

135 929 218 969 cupit
234 929 265 958 in
282 940 420 970 regnum.
436 930 474 960 ad
490 930 561 960 Div.
579 928 661 967 XII,
691 930 739 959 14.
755 929 786 958 in
802 928 876 969 fugit
892 928 1021 958 Pharsa-

133 971 202 1008 lica,
219 983 237 1002 a
253 973 381 1003 Rhodiis
396 983 456 1002 non
473 973 622 1014 recipitur.
646 972 707 1009 VI,
726 975 777 1002 21.
793 971 823 1001 in
840 971 919 1001 bello
940 970 1020 1000 civffi

133 1015 220 1055 perit.
244 1015 332 1045 Brut.
350 1017 400 1050 77.
417 1026 527 1056 parum
543 1016 651 1045 natur&
666 1015 772 1052 valuit,
786 1014 836 1044 sed
851 1013 1020 1053 discipline.

177 1059 214 1087 P.
232 1057 383 1088 Lentulus
400 1060 554 1098 Sln'ntlzer,
568 1058 610 1088 fil.
623 1058 661 1088 ad
681 1058 750 1087 Div.
773 1059 800 1093 1,
818 1058 847 1092 7.
866 1056 1018 1087 laudatur.

134 1099 214 1137 VII,
237 1102 288 1130 26.
312 1111 419 1141 augur.
448 1102 530 1132 Sext.
561 1102 612 1132 69.
642 1111 740 1140 augur
760 1100 793 1130 fit
816 1099 921 1130 eodem
939 1108 1019 1128 anno

132 1154 194 1184 quo
209 1149 310 1183 togam
327 1144 443 1173 virilem
459 1143 591 1184 accepit:
616 1143 780 1184 quomodo,
801 1142 887 1172 docet
902 1141 1019 1171 Manu-

133 1186 204 1222 tius,
221 1186 259 1216 ad
276 1186 346 1216 Div.
364 1185 443 1224 VH,
460 1187 511 1216 26.
522 1185 602 1222 XII,
623 1189 668 1216 14.
691 1188 737 1216 15.
755 1196 824 1226 quae
839 1190 909 1214 sunt
923 1184 1018 1224 ipsius

133 1229 265 1269 epistolae
278 1240 287 1264 ς
312 1240 349 1259 ex
365 1230 475 1269 quibus
490 1229 679 1269 intelligitur,
697 1238 767 1258 eum
782 1233 1017 1268 proquaestorem

135 1272 280 1301 Trebonii
295 1272 327 1301 in
345 1271 418 1302 Asia}
441 1272 542 1302 fuisse.
566 1272 640 1301 Post
654 1273 718 1310 ejus
732 1278 874 1306 mortem,
901 1279 931 1300 se
945 1279 1017 1310 pro-

130 1321 289 1354 praetorem
306 1315 437 1355 appellat
451 1325 459 1349 ;
484 1320 646 1355 praeturam
659 1314 744 1343 Asiae
759 1324 777 1342 a
792 1319 897 1342 senatu
912 1312 1010 1352 petit;

131 1363 161 1387 et
183 1357 219 1386 de
243 1358 331 1387 rebus
351 1358 441 1397 gestis
463 1357 522 1387 suis
545 1357 677 1397 exponit.
702 1355 739 1386 In
760 1355 864 1386 eitdem
891 1353 1015 1395 epistola

132 1399 291 1439 significat,
317 1411 348 1430 se
362 1400 538 1440 participem
554 1399 642 1429 caedis
658 1398 835 1429 Caesarianae
858 1397 957 1428 fuisse.
975 1397 1014 1427 ad

130 1443 195 1472 Att.
214 1441 295 1479 XII,
317 1444 367 1472 52.
384 1443 547 1472 divortium
568 1442 638 1471 facit
653 1452 724 1472 cum
746 1440 883 1471 Metella.
907 1439 1014 1480 Adop-

130 1491 228 1515 tatum
245 1495 306 1514 esse
320 1496 338 1514 a
354 1485 473 1515 Manlio
483 1485 652 1525 Torquato,
666 1495 681 1514 e
691 1484 801 1520 Dione,
816 1481 1013 1521 XXXVIII,

130 1538 163 1568 p.
181 1529 231 1557 99.
248 1527 333 1557 docet
350 1527 509 1557 Manutius
524 1528 562 1557 ad
578 1538 624 1567 ep.
640 1527 678 1557 ad
693 1527 765 1557 Div.
783 1525 810 1563 I,
823 1527 855 1560 7.
872 1531 947 1556 extr.

174 1569 337 1607 Lentulus,
350 1571 387 1600 de
399 1570 474 1600 Har.
492 1571 585 1610 Resp.
604 1573 650 1600 17.
663 1575 761 1600 orator
772 1568 870 1608 gravis
882 1574 910 1598 et
919 1568 1012 1598 diser-

130 1618 198 1642 tus:
224 1612 260 1641 P.
285 1613 427 1642 Clodium
454 1619 572 1642 accusat
598 1612 635 1642 de
663 1611 857 1651 religionibus
883 1610 1010 1641 violatis.

129 1654 194 1692 Qui
209 1654 247 1684 sit
267 1655 490 1695 intelligendus,
516 1655 624 1685 nescio.
649 1653 884 1691 Freinshemius,
901 1654 1009 1693 Suppl-

130 1697 198 1727 Liv.
226 1696 318 1733 CIII,
336 1698 386 1727 30.
413 1698 448 1727 P.
475 1698 643 1737 Lentulum
669 1696 860 1737 Spintherem
884 1695 952 1726 trib.
968 1696 1010 1736 pl.

127 1745 232 1771 vocat:
257 1739 339 1781 quod
362 1746 440 1771 recte
469 1739 637 1771 Crevierius
660 1739 770 1770 refellit
792 1748 829 1769 ex
855 1747 904 1777 cO,
927 1738 1008 1779 quod
