1122 1868
152 62 213 92 158
365 61 513 93 INDEX
537 62 569 93 H
574 60 821 94 ISTORICUS.

151 145 304 178 Mamilia.
329 147 384 179 Or.
402 147 448 185 ΙΙ,
462 148 512 183 70.
530 159 548 178 a
563 148 598 179 C.
610 147 762 178 Memmio
774 152 941 179 accusatur.
963 148 1039 180 Bes-

150 190 193 220 tia
209 196 253 221 est
269 200 434 231 cognomen
452 190 627 228 Calpurniae
642 191 776 222 familiae.

196 235 313 271 Bestia,
341 234 420 264 Phil.
452 233 552 269 XIII,
584 237 632 263 12².
656 234 694 264 ad
718 233 836 264 Divers.
863 235 896 264 8.
918 244 1039 265 accusa-

151 281 200 306 tur
218 276 255 306 de
275 277 391 307 ambitu
416 277 447 306 in
472 277 616 317 petitione
630 283 778 317 przeturae.
812 276 994 307 Defenditur
1020 287 1038 307 a

156 317 308 349 Cicerone.
327 319 390 357 Qu.
407 320 457 350 Fr.
476 319 523 356 ΙΙ,
540 321 568 349 3.
594 320 675 349 Phil.
687 319 769 358 XII,
786 321 815 349 8.
832 326 861 350 et
878 319 958 349 Phil.
974 318 1037 358 XI,

153 364 181 391 5.
197 363 387 392 consulatum
403 363 433 392 in
447 363 538 392 Bruti
550 363 651 392 locum
668 363 752 403 petit.

199 405 230 434 T.
247 407 391 435 Betucius
408 408 537 440 Burrus.
555 405 740 435 Asculanus.
759 406 847 435 Brut.
861 409 912 436 46.
925 405 1041 445 aliquot

152 448 336 478 orationibus
353 449 458 478 Asculi
474 448 595 485 habitis.
612 454 640 478 et
656 448 718 478 unit
735 449 844 478 Roniae
855 454 958 479 contra
973 449 1041 478 Cae-

152 491 286 532 pionem.
303 492 432 527 nobilis3
457 491 505 521 cui
525 491 676 531 Caepionis
696 501 746 520 ore
760 491 913 531 respondit
928 491 1041 521 AElius.

209 534 293 569 Bias,
319 534 428 564 Parail.
455 534 480 563 Ι.
506 533 615 563 Priene
638 533 745 574 patria.
770 534 807 564 de
830 534 999 564 Amic-16.
1025 544 1042 563 e

155 581 268 617 septem
286 577 490 617 Sapientibus.

197 620 244 649 M.
272 620 402 655 Bibulus,
422 619 484 648 Att.
510 618 538 655 Ι,
566 619 614 648 16.
638 618 765 649 Caesaiis
779 619 944 649 amicitiam
960 629 1044 660 quae-

154 662 204 697 rit,
221 662 362 692 aedilitate
377 668 405 691 et
421 662 554 702 praetura
573 661 729 697 omissam,
746 667 780 691 ut
796 662 987 692 consulatum
1009 672 1044 692 eo

154 705 272 735 facilius
288 711 496 745 consequatur.
520 704 596 734 Har.
610 705 703 744 Resp.
720 706 770 733 22.
796 704 914 734 Caesare
929 704 1045 744 collega

154 748 186 777 in
211 748 368 778 consulatu
390 748 469 787 leges
494 747 618 782 ferente,
644 757 761 787 semper
777 753 874 777 servat
899 747 936 777 de
961 748 1044 777 coelo.

156 790 250 820 Dom.
271 792 320 826 15,
337 796 434 820 servat
454 790 491 819 de
514 790 597 826 coelo,
621 800 691 820 cum
708 790 809 820 Caesar
824 790 861 820 de
875 789 1047 830 adoptando

157 833 265 863 Clodio
279 834 378 872 legem
395 832 541 863 curiatam
557 832 623 862 fert.
648 833 678 863 V
680 833 752 862 atin.
769 834 798 863 9.
823 833 967 863 Vatinius
977 833 1047 862 trib.

157 876 200 916 pl.
220 875 373 906 consulem
390 876 421 905 in
438 875 559 905 vincula
574 875 667 911 ducit,
685 875 808 916 reliquis
824 875 953 906 tribunis
968 875 1048 905 mitti

155 919 342 958 jubentibus.
367 919 435 949 Att.
454 919 502 955 II,
522 919 570 949 19.
588 919 652 957 ejus
668 918 783 955 edictis,
805 929 874 958 quae
889 918 980 949 domo
995 919 1049 948 ab·

158 961 239 991 ditus
251 961 328 1002 (vim
341 961 582 992 Caesarianorum
594 960 717 999 timens)
731 961 794 998 dat,
808 961 945 992 irascitur
957 961 1051 991 Pom-

157 1005 256 1045 peius.
273 1004 355 1045 quod
370 1004 406 1034 iis
427 1004 582 1034 laceratur.
610 1004 647 1033 In
664 1003 814 1034 Caesarem
831 1005 939 1034 acerba
955 1003 1051 1034 edicta

159 1047 222 1084 dat,
240 1058 309 1088 quae
333 1047 403 1077 inde
430 1046 624 1076 Archilochia
646 1046 799 1084 dicuntur,
823 1047 937 1087 populo
962 1046 1051 1076 vehe-

159 1096 277 1120 menter
292 1096 386 1130 grata.
410 1089 504 1119 Dom-
516 1090 565 1118 26.
583 1095 693 1125 censet.
704 1095 739 1119 ut
748 1089 902 1130 pontifices
912 1089 949 1119 de
959 1089 1050 1121 domo

160 1133 313 1163 Ciceronis
334 1138 476 1163 statuant.
499 1132 552 1161 Ad
569 1132 640 1161 Div.
659 1131 970 1169 XV‚1.Proconsu1
993 1132 1051 1172 Sy-

159 1176 222 1211 riae
250 1174 331 1212 XII,
362 1176 410 1205 19.
437 1174 585 1215 quamdiu
617 1174 723 1204 Parthi
752 1174 783 1204 in
806 1174 960 1215 provincia
987 1175 1052 1213 ejus

162 1224 244 1254 sunt
260 1219 469 1248 Antiochiise
485 1223 577 1253 tenet
594 1219 669 1247 urbe
684 1217 813 1247 munita.
824 1217 926 1254 VIII
939 1218 969 1246 6.
980 1227 1052 1247 con-

160 1266 206 1290 tra
224 1262 352 1291 Parthos
376 1261 456 1291 male
472 1266 595 1300 pugnat.
616 1260 662 1295 II7
682 1261 730 1295 17.
756 1259 905 1296 Ciceroni,
924 1269 1052 1300 procon-

160 1303 219 1333 suli
236 1304 361 1341 Ciliciae,
386 1303 509 1334 invidet.
536 1304 625 1333 Brut.
643 1303 694 1338 77.
713 1302 891 1343 scriptitavit
905 1308 1051 1333 accurate.

164 1346 253 1376 Bello
266 1347 346 1377 civili
361 1346 458 1387 periit.

207 1389 352 1427 Bilienus,
378 1389 416 1419 ad
438 1389 510 1419 Div.
535 1388 631 1426 XVI,
655 1389 688 1425 2,
715 1387 796 1419 idem
812 1388 865 1429 qui
881 1387 1050 1426 Bellienus,

164 1432 217 1462 ubi
231 1443 259 1462 v.

207 1474 239 1504 C.
272 1475 413 1511 Biherms,
432 1475 522 1505 Brut.
548 1474 599 1510 47.
625 1473 748 1515 aequalis
774 1473 823 1504 M.
850 1473 942 1504 Bruti
968 1473 1044 1504 JCti

163 1517 314 1550 laudatur.
339 1517 380 1548 V.
396 1518 469 1548 ibid.

207 1561 247 1590 A.
265 1561 400 1595 manius,
417 1561 542 1591 Cluent.
558 1561 610 1590 59.
630 1570 725 1601 caupo
740 1560 778 1591 de
793 1559 842 1590 via
858 1557 979 1589 Latina.

208 1602 299 1639 Bion,
316 1603 408 1633 Tusc.
428 1603 494 1638 ΙΙΙ.
511 1604 561 1633 26.
578 1604 642 1642 ejus
658 1603 923 1643 apophthegmata.

211 1646 396 1681 Bimwiicus,
414 1646 451 1675 ad
472 1646 544 1676 Div.
561 1646 622 1682 VI.
651 1646 699 1675 16.
722 1645 920 1681 Caesarianus‚
937 1655 953 1674 e
967 1650 1057 1684 gente

168 1688 327 1729 Pompeia,
341 1688 382 1717 fil.
403 1688 443 1725 Q.
462 1689 602 1729 Pompeii
618 1688 786 1729 Bithynici,
802 1688 845 1718 A.
862 1687 905 1717 N.
918 1697 936 1716 a
946 1687 1057 1728 Bithy.

167 1731 217 1762 nist
243 1732 352 1766 dictus,
376 1731 494 1762 devicta
508 1742 527 1763 a
541 1737 636 1773 patre.
669 1731 743 1763 Post
765 1736 894 1762 mortem
916 1729 1054 1766 Caesaris‚

176 1774 285 1805 Sicilire
300 1778 410 1814 praetor
425 1773 493 1804 fuit.
