1137 1848
317 69 466 101 INDEX
490 69 779 100 HISTORICUS.
930 69 990 99 189

102 157 183 187 latur
197 167 215 186 a
229 156 348 186 duobus
362 155 506 186 fratribus
531 155 629 185 Gallis
655 154 705 184 M.
729 160 759 185 et
783 154 846 192 Qu.
862 153 890 184 E
905 154 992 184 Mar-

106 199 188 229 cellis
201 199 282 235 fuit,
274 210 281 217 ·
308 199 359 229 sed
374 199 430 229 viri
445 198 526 228 docti
540 198 647 238 legunt
663 198 714 227 M.
735 199 879 228 Calidius.

147 244 185 272 P.
199 243 351 273 Claudzus
368 242 516 277 Pulcher,
533 240 570 270 de
586 240 657 270 Div.
676 240 706 277 Ι,
726 241 774 270 16.
792 243 867 281 App
870 240 891 270 ii
910 238 993 270 Caeei

103 285 195 322 filius,
220 285 335 326 collega
361 285 400 314 L.
416 285 438 314 J
442 294 507 313 «11111
530 283 561 313 in
588 283 746 314 consulatu
773 283 852 313 bello
876 282 994 312 Punico

105 328 204 368 primo
230 327 286 368 (Α.
296 310 353 358 U.
387 328 474 364 504.)
510 327 634 356 classem
659 326 827 356 maximam
852 325 995 366 perdidit,

105 380 176 400 cum
192 370 264 401 vitio
284 370 461 410 navigasset.
486 369 559 399 Nat
577 369 620 398 D.
640 367 689 407 ΙΙ,
706 370 736 398 3.
752 375 909 409 propterea
924 377 995 398 con

106 412 266 443 demnatus
282 422 336 444 est.
363 412 475 444 Confer
490 411 527 442 de
543 412 616 442 Div.
630 411 679 448 ΙΙ,
696 412 747 441 33.

150 458 189 486 P.
208 458 375 494 Claudius,
392 456 482 486 Brut.
504 457 554 485 15.
570 461 614 485 est
630 454 745 495 collega
765 454 803 484 L.
821 454 921 484 Porcii
936 464 996 484 cos.

106 499 149 529 A.
167 499 208 529 U.
223 500 295 530 569.

150 544 188 572 P.
209 544 370 579 Claudius,
392 542 464 572 Div.
483 541 510 579 I,
533 544 583 571 46.
605 551 712 581 augur.
736 540 796 571 Sed
811 540 854 570 ibi
870 541 995 579 Appius

105 585 269 625 legendum
285 596 358 623 esse,
375 592 404 616 et
419 585 542 625 auguris
565 593 675 613 nomen
692 590 722 614 et
748 594 793 614 res
814 583 878 623 ipsa
900 583 998 619 docet,

106 628 152 658 uti
167 627 307 658 viderunt
323 628 496 665 Manutius,
513 626 695 665 Lambinus,
712 626 867 656 Davisius.

147 672 181 701 S.
200 672 363 702 Claudius.
380 671 492 708 Quaere
507 670 538 699 in
557 671 682 700 Clodiis.

152 715 188 744 Τ.
208 715 358 744 Claulius
383 713 593 743 Οεηιιιῃιαίιε.
618 712 680 742 Off.
699 710 829 750 111,17.
852 711 912 742 Sed
930 712 998 741 Tib.

106 757 156 797 leg
157 756 270 787 endum
285 763 389 788 monet
406 756 542 796 Langius
557 755 597 785 ad
611 755 642 784 h.
658 755 679 784 l.
693 755 785 795 idque
799 756 908 795 probat
918 753 999 783 Dra-

106 768 196 830 kegnb.
213 800 252 829 ad
267 800 337 830 Liv
354 799 428 837 XL,
445 801 495 829 59.
513 797 595 839 quod
618 798 648 827 l
664 807 838 838 praenomen
854 797 885 827 in
901 795 999 828 Clau-

109 843 159 872 dia
175 848 263 882 gente
278 843 424 872 usitatum
440 852 501 871 non
516 841 616 871 fuerit.

155 887 193 915 T.
214 886 378 922 Claudius,
395 885 423 915 Ι
425 885 497 915 atin.
514 888 539 914 1.
564 884 600 914 Ρ.
615 883 754 914 Sextium
767 883 804 912 de
816 882 845 912 vi
860 893 999 913 accusare

107 928 214 965 voluit,
240 928 462 958 communicato
481 937 551 957 cum
574 926 698 956 Vatinio
720 926 853 956 consilio.
877 925 1003 964 Abjecit

109 971 280 1008 consilium,
308 981 379 1001 cum
404 970 453 1000 M.
476 969 602 1000 Tullius
624 969 837 999 Albinovanus
863 978 1002 998 accusare

111 1014 289 1044 institueret.

156 1058 329 1096 Cleanthes,
345 1055 444 1087 Acad.
467 1054 516 1093 ΙΙ,
533 1056 744 1086 -3.St0·1·cus
767 1054 835 1084 Fat.
857 1054 886 1089 7.
903 1053 1002 1094 magi-

109 1105 168 1130 ster
179 1098 353 1140 Chrysippi.
380 1099 452 1129 Div.
468 1100 494 1136 Ι,
511 1100 541 1128 3.
561 1109 607 1136 ea,
618 1109 687 1139 quae
701 1097 807 1128 Zeno'
799 1107 831 1126 m
848 1097 908 1127 suis
917 1106 1002 1127 com-

109 1143 264 1172 mentariis
290 1143 327 1172 de
346 1142 542 1172 Divinatione
563 1141 640 1171 tradi
642 1141 736 1178 derat,
761 1139 900 1170 uberiora
922 1138 1002 1169 facit.

110 1184 207 1215 Acad.
235 1186 283 1221 II,
306 1188 359 1216 41.
393 1185 495 1215 Solem
515 1184 621 1214 Deum
647 1190 743 1224 putat.
778 1182 996 1220 Fin.11‚21.

111 1228 136 1266 ej
142 1238 176 1257 us
193 1228 297 1258 tabula
306 1229 342 1258 de
354 1228 508 1268 voluptate
522 1234 551 1258 et
563 1227 682 1257 virtute.
704 1227 773 1256 Fin.
789 1225 850 1262 IV,
863 1226 895 1255 3.
908 1225 1002 1265 scrip-

109 1271 148 1301 sit
163 1276 258 1300 artem
273 1271 463 1308 rhetoricam,
479 1280 531 1300 seu
546 1270 646 1310 potius
662 1268 898 1299 obmutescendj.

157 1314 283 1350 Cleobis,
301 1314 393 1344 Tusc.
412 1313 440 1351 Ι,
457 1316 508 1343 47.
528 1323 609 1342 mors
625 1313 689 1351 ejus
705 1318 734 1342 et
754 1311 860 1352 pietas.

158 1357 376 1394 Cleombrotus,
405 1356 442 1386 de
468 1356 531 1387 Off.
559 1357 587 1393 Ι,
617 1358 667 1384 24.
700 1353 1003 1384 Lacedaemoniorum

112 1399 188 1436 dux,
204 1399 350 1429 invidiam
360 1399 481 1437 timens,
495 1409 565 1429 cum
577 1397 795 1439 Epaminonda
807 1403 919 1426 temere
930 1406 1002 1426 con-

114 1441 203 1471 flixit.

158 1485 376 1522 Cleombrotus,
397 1483 603 1519 Ambraciota,
628 1483 721 1515 Tusc.
743 1483 774 1519 I,
799 1485 850 1512 84.
870 1482 902 1511 in
918 1492 1002 1512 mare

113 1538 144 1557 se
159 1528 278 1566 abjecit,
294 1529 371 1559 lecto
388 1527 523 1557 Platonis
540 1530 562 1544 ‘⁴
585 1526 771 1556 Phaedone.''
803 1525 853 1555 De
873 1535 934 1566 quo
957 1531 1003 1555 est

114 1570 302 1610 epigramma
318 1569 499 1602 Callimachi
515 1569 645 1609 elegans.

159 1614 342 1651 Cleomenes,
359 1614 447 1644 Verr.
468 1613 528 1648 IV,
551 1615 596 1642 14.
620 1612 837 1652 Syracusanus.

160 1657 266 1693 Cleon,
291 1657 381 1686 Brut.
402 1656 433 1691 7.
466 1655 674 1691 Atheniensis,
700 1655 771 1685 civis
794 1653 1000 1690 turbulentus,

116 1697 166 1728 sed
182 1698 337 1740 eloquens,
357 1699 396 1730 de
414 1708 476 1739 quo
496 1697 643 1730 videndus
662 1697 792 1729 Diodor.
816 1698 848 1729 S.
863 1695 944 1735 XII,
967 1707 1001 1737 p-
