1137 1848
315 64 462 95 INDEX
484 64 773 97 HISTORICUS.
924 65 987 96 359

146 153 185 182 L.
201 152 303 192 Scipio
321 151 490 186 Asiaticus,
512 151 550 181 L.
568 151 603 181 F.
619 152 695 190 ejus,
711 157 746 181 ut
764 150 881 191 opinor,
902 152 989 190 cujus

103 200 255 235 quaestura
267 200 311 224 est
326 204 375 234 ap.
392 193 460 224 Liv.
475 194 582 231 XLV,
598 196 648 224 44.
666 195 704 224 L.
720 194 762 224 N.
779 194 884 224 Rabir.
898 194 989 224 Perd.

103 238 134 273 7.
158 238 245 268 Verr.
266 236 313 274 II,
339 240 384 267 14.
408 238 523 277 collega
547 236 582 267 C.
607 237 747 267 Norbani
767 236 798 266 in
817 237 986 275 consulatu,

104 281 145 311 A.
159 281 199 311 U.
213 281 285 315 670.
297 280 335 310 ad
351 280 486 310 Herenn.
501 280 568 317 ΙΙΙ,
585 282 614 310 2.
628 280 745 320 legibus
761 280 886 310 solvitur
900 291 991 321 prop-

103 330 149 354 ter
168 323 285 354 bellum
311 323 465 361 Italicum,
487 329 522 352 ut
548 329 617 353 ante
639 333 754 352 annum
775 333 864 352 suum
886 323 991 353 consul

102 366 167 397 fieri
176 366 278 407 possit.
303 367 371 396 Att.
389 366 449 404 IX,
473 366 521 396 15.
539 376 555 396 a
571 366 660 397 Sulla
681 366 875 406 proscriptus.
899 366 940 396 V.
956 366 989 396 in

105 410 141 440 C.
158 410 268 449 Scipio.

147 455 200 483 M.
217 453 330 492 Scipio,
347 453 436 483 Brut.
453 453 505 482 20.
518 453 594 491 ejus,
607 453 661 493 qui
677 462 760 482 sacra
774 451 898 492 accepit,
914 452 946 482 h.
963 463 989 483 e.

104 496 140 526 P.
159 495 290 533 Nasicae,
307 496 398 533 filius,
415 496 558 536 eloquens
573 495 694 525 habitus
708 500 762 525 est.

151 541 198 570 M.
215 540 315 579 Scipio
340 540 587 578 Maluginensis,
612 538 667 569 Or.
685 537 731 573 II,
748 539 798 567 64.
821 537 936 568 dictum
957 538 995 569 de

103 583 142 613 L.
156 583 276 613 Manlio
293 582 422 612 Acidino
438 583 568 613 consule.
589 582 665 612 Esse
680 581 800 611 videtur
815 580 863 610 M.
878 582 994 622 Scipio,

105 626 160 666 qui
171 626 249 656 inter
258 632 399 666 praetores
410 626 584 655 nominatur
600 625 681 664 apud
695 624 764 654 Liv.
786 623 880 662 XLI,
903 628 948 654 14.
965 631 994 655 et

107 670 158 704 27.
185 669 237 699 M.
254 668 413 698 Cornelius
429 667 653 708 Maluginensis
673 667 792 697 dicitur.
824 667 873 698 Sic
896 668 995 708 placet

107 711 231 752 Sigonio
247 711 284 741 de
303 711 431 741 Nomin.
447 722 472 741 c.
489 714 519 741 5.
535 710 701 751 disputanti
716 715 819 740 contra
834 711 996 741 Robortel-

106 755 184 792 lum,
202 754 256 795 qui
271 765 319 794 ap.
334 754 508 784 Ciceronem
528 754 626 793 Caepz'o
642 753 701 793 legi
717 753 844 783 volebat.
863 753 996 794 Aliquid

107 803 209 828 tamen
226 797 422 827 dubitationis
436 803 571 827 remanet
587 797 714 826 Dukero
727 795 765 825 ad
780 796 850 826 Liv.
862 797 882 826 1.
896 807 922 827 c.

148 842 187 871 P.
205 841 305 879 Scipio
322 839 504 878 Africanus.
522 839 563 869 V.
582 841 621 869 P.
636 839 820 880 affricanus.

153 885 192 914 P.
210 884 318 922 Scipio,
336 883 374 913 L.
392 884 427 913 F.
443 883 507 914 Off.
526 882 554 921 I,
573 883 621 912 18.
637 892 692 923 pro
708 882 812 912 Plane.
823 883 875 912 25.
890 881 997 913 lauda-

109 933 159 958 tur
174 932 296 967 propter
307 926 396 956 resin
409 926 488 956 bello
506 926 623 956 fortiter
633 931 741 966 gestas.
757 935 812 965 pro
827 925 926 956 Balbo
947 928 996 956 15.

110 969 255 1001 occiditur
266 969 298 998 in
312 969 477 1009 Hispania,
499 979 570 999 cum
586 968 677 998 fratre
693 968 799 1003 Cnaeo,
819 968 856 998 de
871 979 932 1008 quo
947 979 999 999 su-

108 1023 174 1054 pra.
197 1012 279 1042 Phil.
297 1012 360 1049 XI,
380 1013 410 1046 7.
435 1017 521 1052 pater
543 1011 583 1041 L.
602 1010 729 1041 Asiatici
750 1016 779 1040 et
795 1010 831 1040 P.
851 1011 999 1052 Scipionis

109 1055 242 1095 majoris.
259 1055 308 1085 De
321 1054 417 1085 Lucio
427 1065 528 1095 supra.
541 1054 591 1085 De
601 1053 746 1084 Afn'cano
759 1059 788 1083 et
799 1055 864 1094 ejus
874 1054 1000 1095 posteris

110 1098 171 1129 vid.
187 1099 218 1128 in
234 1100 272 1128 P.
285 1096 472 1138 Africanus.

155 1143 192 1172 P.
207 1141 317 1181 Scipio,
337 1140 394 1171 Cn.
410 1141 447 1170 F.
467 1140 504 1171 L.
522 1140 564 1170 N.
589 1141 666 1171 Har.
687 1140 779 1181 Resp.
801 1140 848 1170 13.
866 1140 1000 1181 optimus

111 1184 149 1215 de
169 1190 232 1215 toto
246 1184 361 1225 populo
376 1185 469 1214 Rom.
486 1184 650 1222 judicatus,
673 1193 755 1213 sacra
770 1183 881 1213 Matris
897 1183 1001 1213 Deum

111 1237 206 1258 manu
222 1226 275 1258 sua
290 1227 407 1267 accipit.
430 1226 471 1256 V.
483 1227 551 1257 Liv.
562 1226 694 1264 XXIX,
716 1229 762 1255 14.
782 1225 925 1263 XXXV,
951 1230 1000 1257 10.

113 1276 143 1301 et
156 1276 259 1301 tamen
273 1270 320 1300 bis
335 1271 488 1310 repulsam
503 1270 581 1300 tulit.
601 1269 682 1299 Prm.
698 1268 778 1304 VII,
790 1271 841 1299 34.
865 1268 921 1299 Or.
934 1268 1000 1308 ΙΙΙ,

114 1314 165 1343 33.
183 1313 325 1343 omnibus
337 1312 451 1342 civibus
467 1313 515 1342 sui
525 1313 642 1353 copiam
652 1311 731 1342 fecit.
758 1311 899 1341 Pontifex
918 1322 1002 1342 max.

114 1356 232 1387 Consul
247 1355 306 1385 fuit
321 1355 363 1385 A.
376 1355 417 1385 U.
436 1356 510 1393 562,
527 1356 642 1395 collega
657 1355 706 1384 Μ’
719 1354 810 1384 Acilii
826 1354 1002 1386 Glabrionis

115 1401 156 1433 (v.
175 1398 243 1428 Liv.
256 1398 400 1437 XXXV,
417 1397 487 1438 24),
505 1404 533 1428 et
545 1398 622 1437 juris
637 1397 800 1438 prudentia
814 1397 948 1435 celeber3
965 1398 1003 1429 de

115 1452 178 1483 quo
193 1441 254 1472 vid.
268 1442 443 1482 Rupertum
459 1441 498 1471 ad
515 1440 664 1482 Pompon.
682 1439 746 1479 ΙΙΙ,
760 1443 790 1471 3.

159 1487 198 1515 P.
216 1486 331 1523 Scipio,
349 1484 385 1514 P.
398 1484 434 1514 F.
450 1483 507 1515 Cn.
525 1485 568 1514 N.
584 1485 727 1522 ‘Nasica,
751 1484 931 1521 Corculum,
947 1484 1005 1515 hoc

118 1534 162 1558 est
183 1528 312 1567 Sapiens
326 1539 338 1563 ‚-
362 1526 423 1557 vid.
440 1527 533 1557 Tusc.
559 1526 587 1564 Ι,
604 1528 633 1557 9.
658 1527 747 1557 Brut.
771 1530 824 1556 20.
845 1533 875 1557 et
892 1528 943 1557 58.
958 1527 1006 1558 bis

120 1571 238 1607 consul,
255 1580 365 1611 nempe
386 1571 427 1599 A.
442 1571 515 1607 591,
532 1580 603 1600 cum
625 1569 660 1600 C.
682 1569 804 1610 Figulo,
830 1575 859 1600 et
873 1573 916 1600 A.
930 1572 1004 1607 598,

118 1624 190 1644 cum
215 1612 252 1644 C.
279 1613 450 1644 Marcello:
485 1619 513 1643 et
535 1622 638 1643 censor
657 1612 716 1642 fuit
734 1611 774 1642 A.
805 1613 876 1643 594.
894 1613 936 1642 Ν.
962 1613 1004 1642 Ι).

119 1657 168 1694 ΙΙ,
185 1657 214 1686 4.
241 1655 278 1687 C.
295 1656 399 1697 Figuli
419 1656 533 1696 collega
551 1667 569 1686 a
584 1655 636 1685 Ti.
650 1655 787 1686 Graccho
801 1661 886 1696 patre
901 1655 1006 1686 vitiose

118 1705 247 1736 creatus,
260 1699 378 1729 abdicat
394 1709 424 1729 se
440 1699 631 1739 magistratu.
647 1698 695 1729 Cf.
713 1698 817 1729 Divin.
834 1697 880 1736 II,
896 1699 947 1728 35.

163 1744 202 1774 P.
223 1743 323 1783 Scipio
335 1743 469 1781 Nasica,
481 1743 517 1774 P.
539 1741 576 1773 F.
587 1741 623 1773 P.
642 1741 687 1773 N.
708 1742 766 1773 Cn.
787 1741 882 1772 Pron.
901 1741 1005 1772 Plane.
