1122 1868
196 94 237 122 98
367 95 515 128 INDEX
540 98 694 129 GEOGR
700 96 909 128 APHICUS.

613 184 656 214 N.

242 266 349 306 Narbo,
365 275 456 309 caput
469 269 577 300 Galliae
593 269 813 300 Narbonensis.

239 310 314 347 Nar,
335 311 373 342 ad
393 312 458 342 Att.
474 313 534 351 IV,
555 314 604 351 15,
626 313 736 343 fluvius
752 311 898 343 Lucaniae
916 322 1011 353 prope
1034 312 1080 342 la-

196 362 266 383 cum
283 354 440 385 Velinum.

238 396 365 433 Narona,
382 399 420 428 ad
436 398 508 429 Div.
525 400 567 437 V,
595 401 626 435 9,
651 400 702 435 10,
727 398 874 439 oppidum
900 397 1075 428 Dalmatiae.

193 438 233 467 In
261 439 373 470 Graevii
398 442 462 472 cod.
488 448 550 472 erat
568 441 700 471 Narbona
715 453 722 476 ;
747 447 776 471 et
797 441 853 471 hoc
877 441 1020 481 Scaliger,
1039 440 1079 470 ad

192 481 374 520 Eusebium,
407 485 518 522 Plinio,
553 484 729 521 Itinerariis,
762 484 915 514 restituere
948 483 1078 520 volebat,

193 524 276 564 quod
291 526 382 557 etiam
397 528 534 568 vulgatas
550 527 706 558 Ptolemaei
718 527 784 557 edd.
798 526 922 557 obsidet.
947 526 1006 557 Sed
1015 536 1078 557 rec-

193 573 261 597 tum
277 576 320 600 est
334 570 464 607 Narona,
477 571 559 611 quod
574 571 663 601 etiam
682 570 724 600 H.
738 570 840 600 Surita
856 569 1020 599 Ptolemaeo
1035 579 1081 599 re-

192 610 302 649 stituit,
319 613 357 643 ad
373 613 444 644 Itin.
463 614 537 644 Ant.
551 625 581 654 p.
596 614 670 649 333,
688 613 733 643 ed.
747 613 855 642 noviss.
878 612 916 642 ad
932 612 995 652 q.1.
1018 612 1078 642 vid.

192 653 282 684 etiam
299 656 548 696 wesselingium.
574 657 611 686 In
630 656 724 687 MSS.
748 655 892 686 confundi
908 655 972 686 haec
987 656 1078 686 verba

192 697 277 728 docet
293 699 401 729 Burm.
419 700 457 729 ad
473 700 596 730 Sueton.
614 699 686 729 Tib.
703 710 728 729 c.
745 700 775 729 4.

236 739 384 781 Neapolis,
399 742 576 782 Campaniae
591 742 748 782 oppidum.

235 784 457 823 Neapolitanum
469 785 619 825 Pompeii,
636 785 674 814 ad
690 785 756 815 Att.
772 784 853 820 VII,
867 785 897 813 2.

236 828 381 867 Neapolis,
406 828 493 858 Verr.
511 828 553 865 V,
571 828 624 865 53,
646 838 715 868 pars
738 827 956 868 Syracusarum
979 825 1080 857 novis-

192 880 278 900 suna.

234 914 390 944 Nemeoeus
406 914 464 951 leo,
489 914 582 944 Tusc.
597 913 660 951 Qu.
687 913 748 947 IV,
763 914 817 951 22,
839 923 858 943 a
882 910 1000 943 Nemea
1014 912 1080 942 loco

191 956 223 986 in
239 957 397 998 Argolide.

236 1000 425 1037 Nemorensis,
441 1000 480 1029 ad
495 1000 562 1030 Att.
580 999 643 1036 VI,
666 1000 694 1037 l,
710 998 846 1039 intellige
866 1008 944 1039 ager.
973 997 1078 1028 Lucus

190 1049 252 1073 erat
276 1043 308 1073 in
329 1053 401 1083 agro
425 1042 548 1073 Aricino
569 1043 678 1073 Dianae
701 1052 803 1078 sacer3
835 1042 862 1071 ei
891 1040 1079 1080 adjacentem

189 1096 298 1126 agrum
312 1086 531 1116 Nemorensem
547 1085 694 1116 dicebant.

235 1128 355 1166 Nemus,
371 1128 408 1158 ad
424 1128 492 1158 Att.
508 1128 585 1165 XV,
602 1129 632 1165 4,
646 1129 733 1159 lucus
743 1126 853 1157 Dianae
862 1136 944 1157 sacer
957 1125 990 1156 in
1005 1135 1078 1167 agro

190 1171 328 1201 Aricino.
354 1171 444 1201 Unde
461 1170 650 1201 Nemorensis.

235 1213 347 1249 Nervii,
362 1214 494 1254 populus
511 1213 631 1251 Galliae,
649 1224 665 1244 e
681 1213 798 1244 Caesare
812 1218 912 1243 notus.

233 1255 330 1293 Nesis,
344 1257 383 1287 ad
398 1257 466 1286 Att.
482 1256 578 1295 XVI,
598 1260 626 1293 l,
642 1257 741 1287 insula
756 1255 934 1296 Campaniae
943 1254 1071 1294 objecta,

190 1299 221 1329 in
237 1299 298 1340 qu&
314 1299 463 1330 Lucullus
478 1299 558 1329 filius
570 1299 675 1329 villam
689 1299 830 1329 habebat.

234 1343 357 1380 Netum,
373 1342 405 1372 in
421 1342 509 1372 Verr.
526 1342 569 1379 V,
586 1343 639 1380 26,
654 1342 802 1382 oppidum
819 1341 936 1372 Siciliae.

235 1385 351 1423 Netini,
369 1396 391 1416 s.
409 1384 586 1420 Netineuses,
602 1385 633 1415 in
648 1385 736 1415 Verr.
754 1383 815 1421 VI,
833 1385 886 1421 51,
903 1382 971 1420 III,
987 1383 1038 1412 64.

235 1428 349 1466 Nic-ceo,
365 1428 404 1458 ad
415 1428 483 1458 Att.
494 1428 590 1464 XIV,
605 1429 619 1458 1
627 1450 635 1465 ,
645 1429 718 1458 urbs
728 1427 863 1468 Liguriae
871 1435 964 1467 prope
973 1435 1073 1456 mare:

191 1470 282 1500 hodie
300 1472 402 1500 Nihata.

234 1512 405 1552 Nicaeenses,
421 1513 460 1544 ad
475 1513 547 1544 Div.
564 1513 667 1552 XIII,
678 1513 731 1552 61,
743 1512 850 1544 incolae
863 1511 962 1542 Niceae
977 1511 1009 1542 in
1018 1511 1076 1543 Bi-

189 1555 307 1597 thynia.

234 1597 333 1637 Nilus,
349 1599 460 1630 fluvius
475 1600 613 1641 AEgypti.

230 1641 318 1679 Nola,
334 1643 406 1673 urbs
420 1643 452 1672 in
472 1642 651 1683 Campanifi,
668 1642 749 1673 unde
766 1642 886 1678 Nolani,
903 1647 932 1672 et
941 1640 1074 1671 Nolanus

187 1694 277 1757 gfff}
283 1685 356 1715 item
374 1686 531 1721 Nolanum,
547 1686 695 1727 praedium
711 1695 804 1727 prope
820 1685 945 1725 Nolam,
957 1683 996 1715 ad
1005 1683 1071 1714 Att.
