1137 1848
233 56 386 88 INDEX
409 54 806 88 GRAECO-LATINUS.
893 52 956 83 423

110 146 272 182 Αμεμπτα,
287 153 344 173 'non
359 143 537 181 accusanda,
553 142 592 173 ad
608 142 674 172 Att.
693 140 773 180 VII,
793 144 820 172 l.

109 189 353 224 Αμεταμελητος,
376 196 433 216 non
455 187 650 225 paenitendus,
674 185 714 215 ad
740 185 807 216 Att.
828 180 909 221 VII,
925 181 957 212 3.

69 226 170 264 XIII,
183 229 234 258 52.

111 272 380 313 Αμηχανια,ἱηορία
393 271 517 310 consilii,
533 270 572 301 ad
589 270 654 301 Att.
671 271 748 308 Xv,
765 272 817 301 29.

110 319 254 352 Αμορφον,
275 320 556 354 ᾳντιπολιτευομενου
576 319 804 355 χρειιφειλετην,
825 312 882 342 &Q
907 311 958 341 de-

64 357 164 393 forme
180 362 207 386 et
222 362 306 395 turpe
321 364 374 394 est,
390 360 462 396 egjus,
479 360 529 396 qui
543 358 704 387 conlrariae
719 357 753 385 sit
766 358 795 385 in
809 354 961 394 republica

59 398 219 440 factionis,
232 401 386 430 debitorem
402 410 469 438 esse,
486 399 525 430 ad.
539 399 608 429 Att.
622 398 702 435 VII,
716 400 747 429 8.

111 447 268 480 Αμπνευμα
286 454 384 481 σεμνον
399 448 537 482 Αλφειου,
563 445 712 481 respiratio
727 441 890 471 veneranda
904 439 960 470 ΑΙ-

67 485 149 523 phei,
165 483 204 513 ad
218 484 287 515 Att.
300 485 383 523 XII,
397 487 427 516 5.
440 491 512 516 sunt
523 484 650 515 Pindari
662 485 763 521 verba,
778 485 871 514 Nem.
887 483 917 520 I,
931 486 960 513 1.

71 527 121 559 Sic
136 527 270 567 appel-lat
290 529 492 567 Arethusam,
518 528 563 557 δια
587 540 619 558 το
644 529 810 568 αποῤῥωγα,
837 539 883 555 και
909 529 962 554 οἷον

74 581 184 608 crolum,
201 582 251 604 την
266 573 428 612 Αρεὲουσαν
448 583 547 612 κρηνην
570 582 619 601 του
632 576 755 610 Ammon
775 582 852 606 ειναι,
869 574 904 599 ut
918 568 961 598 ait

71 612 260 643 scholiastes.

111 655 294 695 Αμφιὲολια,
311 657 446 697 ambigue
469 656 591 695 dictum,
609 656 648 686 ad
664 655 738 686 Div.
755 654 836 692 VII,
854 655 907 684 32.

111 702 307 738 Αμπιλαφια,
323 700 362 729 ad
378 700 442 737 Qu.
460 699 512 729 Fr.
530 700 580 737 II,
598 700 627 729 G.
641 705 670 730 et
688 700 736 729 15.
752 698 829 728 mihi
841 697 961 728 videtur

71 750 134 772 esse
146 740 291 771 cautionis
306 753 414 783 genus,
431 752 501 773 curn
514 752 581 772 eam
597 742 743 772 rationem
759 747 908 778 tenemus,
925 745 961 770 ut

71 784 110 814 ad
120 788 286 824 utrumque
294 785 392 825 parati
406 785 513 823 simus,
527 792 572 822 ut,
583 785 798 825 quodcumque
809 783 960 819 acciderit,

72 837 107 857 eo
127 832 206 857 recte
226 827 271 856 uti
292 828 464 868 possimus3
488 834 524 858 ut
542 828 673 858 duarum
688 837 790 857 rerum
806 826 898 856 simul
913 836 961 855 ra-

71 869 187 900 tionem
202 869 381 910 habeamus,
398 881 529 912 quarum
553 881 616 901 una
636 871 754 901 videtur
778 879 849 899 curn
867 868 962 898 alter&

71 921 134 942 non
149 913 220 943 satis
232 914 393 944 consistere
404 924 500 955 posse.
525 916 547 932 “
563 911 962 953 Desideroquodammado?

72 955 127 993 ait,
152 958 175 974 ‘⁶
187 961 372 996 αμφιλαφιαν
389 964 469 987 taam
481 957 513 987 .·”
536 967 630 998 quam
645 959 658 987 ’ἓ
683 959 705 974 “
716 963 749 985 vt
765 957 962 985 advenientem

75 1000 216 1037 excipiam
231 999 363 1038 libenter,
380 1002 515 1029 latentem
529 1011 585 1029 non
595 999 748 1030 excitem.”

115 1047 251 1080 Αμυμων,
265 1043 476 1080 repellensionis
487 1053 597 1082 eJJJfrs,
613 1042 652 1073 ad
666 1043 735 1073 Att.
752 1041 848 1079 XVI,
865 1041 896 1070 5.

115 1086 328 1124 Αναὲεωρησις,
353 1087 576 1126 animadversio,
598 1088 802 1123 consideratio,
829 1083 868 1114 ad
891 1082 962 1113 Att.

72 1125 170 1165 XIV,
188 1129 235 1157 15.
248 1132 277 1157 et
297 1129 344 1159 16.

114 1174 267 1208 Λναλογια,
289 1171 472 1211 comparatio,
491 1172 647 1211 proportio,
670 1181 765 1212 quam
779 1170 871 1210 vulgo
887 1168 961 1198 dici-

72 1221 155 1249 mus,
168 1223 239 1243 cum
255 1213 328 1244 olim
342 1217 490 1254 proportio
502 1221 578 1245 esset
594 1220 715 1244 tantum
734 1215 820 1250 razio,
837 1212 875 1242 ad
890 1212 959 1241 Att.

71 1253 134 1292 VI,
151 1257 180 1285 2.
197 1256 236 1287 de
251 1257 345 1288 Univ.
366 1259 397 1288 4.
413 1257 455 1287 V.
471 1258 562 1288 Varr.
584 1257 622 1287 L.
639 1257 679 1287 L.
693 1256 758 1295 IX,
774 1266 805 1297 p.
826 1258 896 1286 135.
913 1254 961 1285 ed.

69 1298 177 1339 Steph.

114 1347 360 1379 Αναντιφωνησια,
386 1345 572 1374 taciturnitas
597 1345 630 1373 in
654 1341 860 1382 respondendo,
891 1350 962 1371 cum

71 1383 163 1414 alicui
172 1384 250 1414 nihil
260 1386 494 1425 respondemus3
512 1396 605 1427 quam
618 1385 735 1424 Cicero,
746 1384 835 1415 Verr.
846 1384 895 1423 II,
909 1386 945 1415 31
953 1405 963 1422 ‚

70 1428 299 1458 taciturnitatem
315 1428 379 1469 ipse
391 1436 486 1460 vocat.

112 1475 356 1510 Αναντιερωυητον,
371 1475 432 1502 sine
440 1473 629 1511 responsione,
646 1471 684 1502 ad
696 1471 763 1502 Att.
779 1470 841 1508 VI,
858 1473 885 1500 1.

71 1554 89 1585 1
112 1517 327 1552 Αναπαντητον,
354 1519 495 1545 remotum
520 1517 554 1545 ab
575 1517 656 1545 omni
676 1525 812 1553 occursu,
837 1513 876 1544 ad
892 1512 959 1543 Att.

91 1556 134 1593 X,
155 1558 181 1585 l.

113 1603 348 1638 Αναπολογητον,
370 1600 444 1640 qnod
458 1599 541 1629 nulla
563 1601 676 1630 ratione
702 1599 820 1641 defendi
839 1605 956 1640 potest,-

72 1643 149 1684 quod
165 1641 329 1684 deffensione
342 1650 434 1683 caret,
451 1642 490 1674 ad
504 1643 573 1673 Att.
588 1643 684 1683 XVI,
698 1644 728 1680 7.
