1122 1868
89 57 152 87 356
301 55 451 87 INDEX
475 55 760 88 HISTORICUS.

138 143 179 172 P.
201 142 359 178 Saturius,
383 142 474 173 Rosc.
499 141 589 173 Com.
614 142 640 171 1.
668 148 813 183 patronus
834 141 979 180 Chaereae,

95 182 150 226 qiii
178 195 232 225 pro
261 195 296 215 eo
322 190 425 215 contra
453 185 494 223 Q.
522 185 668 216 Roscium
698 184 868 216 comoedum
893 185 981 216 dixit.

100 227 223 259 Cluent.
240 228 292 258 38.

139 272 256 311 Satyri,
274 271 348 301 Nat.
364 270 405 300 D.
417 270 482 307 ΙΙΙ,
503 271 549 306 17.

139 315 328 354 Satyriscus,
342 314 415 344 Div.
432 314 460 350 Ι,
479 317 529 344 20.

140 358 283 397 Satyrus,
300 356 338 387 ad
354 356 419 387 Att.
434 356 516 393 XII,
533 361 584 387 2⁴2.
601 358 698 388 Attici
714 368 826 388 servus.

142 401 179 430 C.
199 400 361 440 Saufeius,
379 400 484 430 Rabir.
503 400 591 430 Perd.
608 401 638 436 7.
654 411 724 431 cum
740 400 905 432 Saturnino
922 400 982 431 Ca-

96 442 237 484 pitolium
253 449 386 473 armatus
398 449 533 483 occupat.

141 487 180 515 L.
197 486 358 527 Smgfbius,
375 486 442 516 Att.
464 487 491 523 1,
509 487 538 515 3.
555 485 586 515 it.
606 486 656 516 IV
657 509 666 524 ,
688 487 718 515 6.
737 486 853 516 amicus
872 484 980 524 Attici,

97 528 275 569 Epicureus.
295 528 340 565 II,
354 530 383 558 8.
399 529 431 558 in
447 528 553 559 studiis
564 529 740 559 laboriosus.
754 529 803 560 cf.
820 529 916 567 XIV,
932 530 982 559 18.

97 571 176 609 XV,
189 573 217 601 4.
233 572 329 608 XVI,
343 573 373 601 3.

141 616 239 652 Saxa,
256 615 415 645 Decidius.
444 613 524 643 Phil.
539 614 583 650 X,
605 616 651 644 10.
674 614 708 643 it.
728 614 791 649 XI,
810 615 840 643 5.
857 624 873 643 e
889 614 984 645 Celti-

97 658 192 695 beria,
215 669 232 688 a
248 658 365 688 Caesare
388 657 507 687 civitate
531 657 671 694 donatus,
695 662 723 686 et
745 656 852 686 deinde
868 658 981 688 tribun-

96 700 193 740 plebis
208 700 315 731 factus.
339 700 419 730 Phil.
442 699 540 735 VIII,
558 703 587 728 3.
611 700 647 729 de
669 709 759 740 grege
775 700 914 739 Antonii,
931 710 985 731 ne-

95 743 179 780 bulo,
197 743 342 779 centurio,
360 744 416 773 «Sec.
433 743 501 772 add.
517 742 617 780 XIII,
638 745 686 771 12.

140 787 262 823 Βοῶνα,
276 786 342 816 Att.
359 785 458 822 XIII,
477 789 527 815 23.
554 786 753 823 Caesarianus,
767 785 890 816 Cassius
905 786 984 817 Scae-

95 839 142 859 va.
168 829 232 858 Alii
247 829 284 859 de
295 829 438 859 Trebatio
454 828 638 869 intelligunt.
661 829 694 858 J.
709 828 744 857 F.
760 828 933 859 Gronovius
944 839 983 859 ne

96 881 204 901 sanum
234 872 358 912 quidem
387 872 489 902 locum
519 873 665 912 putabat:
699 871 858 901 emendare
887 877 984 902 tentat

96 914 288 951 Tunstallus,
304 914 389 955 epist.
406 915 445 944 ad
456 914 697 951 Middletonum,
714 925 783 954 pag.
800 916 852 944 65.

138 959 258 995 Scaeva,
275 958 380 987 Rabir.
398 957 487 988 Perd.
508 961 555 986 ll.
577 968 678 987 servus
697 957 737 995 Q.
757 956 910 995 Crotonis,
926 958 982 989 Sa-

94 1001 254 1031 turninum
270 1000 422 1038 interficit,
439 1006 468 1031 et
483 1006 640 1041 propterea
654 1000 791 1030 libertate
806 1000 945 1030 donatur.

140 1045 275 1074 Scaevola
301 1050 345 1073 est
365 1053 532 1084 cognomen
556 1043 744 1074 Muciorum.
771 1041 880 1084 Itaque
901 1045 983 1074 Scae-

94 1087 177 1117 volas
192 1087 223 1116 in
239 1088 359 1117 Illucz‘z‘s
375 1097 486 1127 quaere.

145 1131 345 1168 Scamander,
382 1130 504 1160 Cluent.
534 1129 582 1159 16.
616 1128 741 1159 libertus
771 1128 981 1160 Fabriciorum

93 1172 324 1203 Aletrinatium.

137 1216 175 1246 P.
192 1217 387 1253 Scandilius,
405 1214 492 1246 Verr.
510 1213 569 1250 IV,
586 1215 637 1244 58.
660 1224 751 1255 eques
775 1215 868 1246 Rom.
889 1216 981 1256 Syra.

94 1269 277 1339 engi-ancia,
293 1300 417 1332 femina.
440 1300 551 1331 Milon.
567 1301 619 1336 27.
642 1300 679 1330 In
699 1300 756 1331 hoc
773 1300 895 1331 nomine
908 1301 980 1332 libri

92 1345 180 1375 valde
204 1345 339 1375 variant:
372 1344 423 1374 alii
449 1346 569 1381 Sentia,
594 1344 646 1374 alii
672 1345 816 1381 Sanctia,
846 1355 978 1385 quorum

91 1387 169 1417 illud
184 1389 291 1428 probat
306 1387 447 1418 Schottus
461 1387 494 1416 in
510 1387 592 1417 Nod.
615 1385 678 1418 Cic.
695 1386 761 1423 ΙΙΙ,
781 1388 830 1417 13.
851 1388 980 1418 Scantiae

92 1440 204 1461 nomen
233 1430 406 1471 frequenter
434 1430 563 1460 occurrit
594 1430 627 1460 in
657 1430 810 1471 lapidibus
840 1430 976 1469 Gruteri,

92 1474 149 1503 &c.

135 1515 186 1546 Μ.
203 1518 362 1555 Scaptius,
375 1516 443 1546 Att.
462 1515 521 1553 VI,
541 1518 568 1546 1.
584 1515 750 1556 negotiator
765 1515 975 1556 Cappadociae,

90 1558 182 1589 frater
203 1560 278 1598 ejus⁷
292 1570 423 1599 quocum
445 1559 549 1590 Cicero
567 1558 799 1589 controversiam
818 1558 926 1588 habuit
944 1559 977 1589 in

90 1602 254 1643 provincii.
278 1602 319 1632 Ei
335 1602 543 1642 praefecturam
560 1602 655 1632 defert
672 1601 786 1632 Cicero.

134 1647 292 1684 Scaptius,
316 1645 384 1675 Att.
408 1644 450 1683 V,
472 1645 529 1675 ult.
545 1645 606 1683 VI,
627 1647 653 1675 1.
670 1648 700 1675 2.
717 1645 773 1675 διο.
796 1644 974 1685 negotiator,

88 1687 180 1718 frater
195 1687 306 1726 Marci,
323 1688 483 1728 praefectus
497 1688 595 1729 Appii
616 1688 647 1718 in
664 1687 781 1726 Cilicia,
804 1693 976 1718 controver-

87 1730 163 1762 siam
178 1730 382 1773 pecuniariam
398 1741 469 1763 cum
485 1731 659 1762 Salaminiis
673 1730 776 1769 habet,
792 1736 822 1762 et
836 1730 972 1762 multum
