1137 1848
282 92 432 125 INDEX
455 92 741 126 HISTORICUS.
891 93 955 125 393

111 179 149 208 A.
169 179 347 217 Trebonius,
365 179 453 210 Verr.
470 178 517 217 II,
534 182 586 212 47.
609 180 796 222 proscriptus
817 190 836 210 a
851 178 951 217 Sulla,

67 220 157 252 frater
172 222 208 251 P.
225 221 380 252 Trebonii.

112 266 146 293 C.
170 265 346 302 Trebonius,
370 265 450 295 Phil.
476 265 576 303 XIII,
604 268 651 296 10.
676 276 768 307 eques
792 266 884 296 Rom.
911 264 949 294 C.

68 306 212 337 Trebonii
229 307 281 348 (de
296 318 356 348 quo
367 309 453 347 mox)
471 316 564 349 pater.

113 350 148 380 C.
167 351 344 387 Trebonius,
372 352 407 381 C.
432 352 465 381 1⁴¹.
490 351 528 381 ad
548 352 620 381 Div.
640 351 717 389 XV,
739 351 794 380 ult.
820 356 950 391 quaestor

66 392 188 422 tribuno
213 393 367 423 Herennio
390 403 450 423 non
475 401 570 434 paret,
599 401 628 424 et
652 393 804 424 Ciceronis
828 403 950 423 causam

69 441 181 473 tuetur,
198 446 267 466 cum
287 436 319 466 id
339 437 475 466 consules
491 447 551 467 non
567 437 708 467 facerent.
733 436 816 466 Phil.
835 437 881 473 ΙΙ,
905 439 951 465 11.

69 487 86 507 e
100 479 321 518 percussoribus
337 480 473 517 Caesaris,
490 480 640 509 laudatur.
664 479 736 509 ibid.
758 482 804 509 1⁴.
821 479 859 508 ad
876 478 950 507 Div.

70 520 114 557 X,
133 522 183 551 28.
211 529 327 552 sevocat
342 522 513 552 Antonium
532 528 601 552 ante
621 522 747 557 curiam,
770 522 845 551 dum
861 521 953 551 inter-

70 563 169 593 ficitur
191 563 302 595 Caesar.
328 565 412 595 Phil.
431 565 495 602 XI,
520 569 546 594 l.
565 572 674 605 praetor
695 565 787 601 Asiae,
813 575 830 594 a
856 563 952 593 Dola-

71 606 152 636 bella
185 609 324 647 Smyrnae
360 608 499 638 amicitiae
537 608 728 638 simulatione
765 606 953 637 interficitur.

70 648 150 688 Ejus
173 658 301 680 mortem
319 650 501 680 lamentatur
522 651 634 681 Cicero.
659 651 697 680 ad
713 651 785 680 Div.
802 650 885 685 xli,
907 649 953 678 113.

71 693 136 730 ejus
152 702 272 722 carmen
287 693 326 722 ad
342 693 520 723 Ciceronem
544 693 683 730 missum,
707 694 783 723 forte
803 693 834 721 in
855 693 954 721 Anto-

71 735 159 764 nium
176 741 205 764 et
218 736 420 766 Antonianos.
444 736 505 766 Hic
520 736 618 776 legem
634 736 819 766 Treboniam
839 735 910 764 tulit
924 735 956 763 in

73 777 241 815 tribunatu,
258 779 299 808 A.
315 780 386 809 698.
404 784 438 808 ut
449 779 613 819 Pompeius
629 779 704 808 duas
721 778 896 819 Hispanias,
910 777 958 807 M.

76 821 201 850 Crassus
214 821 333 861 Syriam
348 821 380 850 in
395 821 651 862 quinquennium,
668 828 697 851 et
710 821 810 851 Caesar
825 820 960 849 Galliam

76 862 108 891 in
124 863 253 893 alterum
269 864 527 904 quinquennium,
549 864 727 894 obtinerent.
752 864 826 893 Post
843 863 960 902 legatus

75 905 200 935 Caesaris
216 906 247 935 in
264 906 376 943 Gallia,
399 913 428 936 et
448 908 487 936 A.
507 908 569 942 708
601 907 706 936 consul
731 906 872 936 suffectus
892 905 959 935 (2ae-

78 948 146 978 sari.
171 948 233 979 Dio
249 949 331 979 Cass.
348 949 512 986 XXXIX,
529 960 558 990 p.
582 952 649 979 105.

121 991 158 1020 P.
181 993 360 1028 Trebonius,
380 992 466 1022 Verr.
484 991 530 1029 ΙΙ,
545 994 596 1027 47.
611 993 652 1022 A.
670 991 770 1022 frater.

122 1036 179 1064 Cn.
199 1036 376 1065 Tremellius
393 1035 516 1075 Scrofa,
539 1035 570 1064 in
589 1035 616 1064 V
619 1046 674 1064 err.
698 1036 726 1073 I,
750 1036 797 1064 10.
821 1034 960 1064 tribunus

77 1076 215 1108 militaris
231 1077 415 1118 designatus,
432 1079 528 1116 judex
548 1079 580 1107 in
600 1078 691 1108 causa
708 1077 848 1114 Ver-rina,
868 1077 960 1106 homo

79 1121 201 1150 summa
216 1121 358 1161 religione
374 1127 403 1150 et
417 1120 581 1161 diligentia.
604 1121 742 1160 Pighius,
765 1120 803 1150 ad
821 1121 863 1149 A.
885 1120 959 1155 076,

78 1169 166 1202 putat
181 1173 243 1193 esse
258 1174 340 1199 eum,
357 1163 410 1203 qui
425 1170 534 1204 praetor
549 1169 616 1204 post
630 1164 700 1201 fuit,
714 1170 743 1193 et
757 1163 794 1192 de
810 1173 840 1192 re
852 1162 964 1192 rustica

78 1205 214 1245 scripsit:
239 1207 324 1245 cujus
349 1206 464 1243 villam,
491 1213 582 1247 atque
608 1207 720 1246 ipsum,
748 1206 835 1236 valde
858 1204 963 1234 laudat

80 1247 190 1285 Varro,
203 1249 240 1278 de
256 1249 297 1278 R.
311 1250 350 1279 R.
363 1250 390 1286 Ι,
403 1255 432 1279 2.
459 1249 546 1279 Unde
559 1250 678 1289 Scrofie
690 1258 867 1289 cognomen,
881 1247 963 1288 quod

79 1290 171 1329 hujus
187 1302 260 1321 avus
275 1292 391 1332 primus
407 1292 487 1329 tulit,
499 1292 589 1321 aliam
602 1293 747 1321 rationem
765 1301 801 1321 ex
818 1292 882 1329 ejus
897 1300 964 1330 per-

81 1334 154 1363 som}¹
168 1334 276 1370 Varro,
289 1335 309 1363 l.
326 1344 350 1364 c.
364 1333 409 1371 ΙΙ,
423 1338 452 1364 4.
468 1335 558 1364 aliam
572 1335 708 1364 Mam-ob.
727 1336 788 1364 Sat.
801 1333 828 1371 Ι,
843 1335 872 1363 b'.
884 1343 966 1363 com-

80 1384 239 1406 memorat.
264 1377 291 1406 U
295 1384 399 1417 traque
409 1378 509 1418 lepida
518 1378 629 1407 fabella
641 1384 692 1407 est.
717 1377 819 1407 Scrofa
830 1382 874 1406 est
885 1382 915 1406 et
924 1374 962 1405 ad

83 1420 152 1448 Att.
176 1419 233 1457 VI,
255 1423 279 1449 l.
297 1420 336 1450 V.
350 1431 381 1449 ln
395 1421 518 1459 Scroju.

128 1462 164 1497 Q.
183 1462 356 1498 Tremulus,
380 1473 396 1493 e
419 1463 555 1499 Marciis,
581 1463 663 1492 Phil.
678 1462 739 1498 V1,
760 1464 789 1492 5.
817 1461 965 1492 Hernicos

83 1503 162 1534 vicit.
184 1511 282 1534 statua
300 1507 364 1544 ejus
385 1506 417 1534 in
435 1506 499 1535 foro
523 1505 629 1546 posita.
653 1506 695 1543 Is,
721 1506 774 1546 qui
798 1505 903 1536 consul
924 1505 969 1534 bis

84 1546 154 1583 fuit,
172 1548 211 1576 A.
231 1549 304 1584 447,
321 1555 350 1578 et
362 1550 434 1577 455.

129 1591 160 1620 C.
182 1590 333 1627 Triarius,
351 1601 366 1621 e
385 1591 522 1628 Valeriis,
540 1591 608 1621 Fin.
626 1590 654 1628 Ι,
671 1593 699 1620 5.
716 1591 831 1621 amicus
848 1590 969 1621 Cicero-

85 1632 142 1670 nis,
160 1633 204 1663 vir
226 1634 325 1673 gravis
346 1640 374 1663 et
389 1634 504 1671 doctus,
530 1635 630 1664 minus
644 1634 807 1664 delectatur
823 1634 968 1674 Epicuro,

85 1675 167 1715 quod
182 1684 359 1706 ornamenta
374 1678 520 1713 Platonis,
545 1677 725 1714 Aristotelis,
748 1678 804 1707 διε.
826 1675 973 1716 neglexit.

85 1719 152 1748 Att.
175 1718 257 1756 XII,
279 1721 330 1749 26.
355 1720 419 1758 ejus
442 1720 544 1750 liberis
567 1726 647 1750 tutor
672 1726 714 1750 est
739 1720 852 1750 Cicero.
880 1719 970 1749 Brut.

86 1762 137 1796 76.
161 1761 225 1800 ejus
249 1762 338 1803 plena
359 1762 418 1792 fuit
441 1762 566 1793 literatae
587 1763 745 1793 senectutis
769 1762 875 1799 oratio,
899 1771 968 1802 gra-
