1122 1868
156 43 218 73 436
314 43 464 74 INDEX
489 42 886 75 GRAEsjo-LATINUS.

199 137 406 170 Δυσχρηστια,
427 127 584 169 difficultas
599 128 897 167 versuroefaciendae,
912 137 963 159 sen
977 138 1042 158 mu-

155 176 205 201 tuo
219 172 367 201 sumendoe
380 174 531 212 pecuniae,
555 172 593 202 ad
608 172 676 202 Att.
695 172 788 206 XVI,
806 172 836 206 7.

199 218 348 249 Δυσωπια,
369 215 554 251 verecundia,
580 214 619 245 ad
646 216 710 245 Att.
742 213 842 253 XIII,
869 215 922 245 33.
943 213 1041 251 XVI,

155 257 205 286 15.
226 267 296 287 cum
317 267 456 288 veremur
473 257 563 288 alicui
585 258 702 298 aliquid
722 257 899 299 postulanti,
916 257 1041 298 petenti,

156 300 213 330 &c-
231 309 350 340 negare.

580 387 620 417 Ε.

196 476 252 501 Εαν
269 471 399 516 ὃιαμεινῃ,
422 474 448 503 si
460 474 662 512 permanserit,
676 473 715 503 ad
729 473 796 503 Att.
810 473 887 511 XV,
908 476 955 503 12.

198 520 239 543 Εα
254 527 364 550 πασας,
386 516 466 544 mitte
486 526 592 554 omnes,
615 515 654 545 ad
670 516 732 554 Qu.
749 516 800 546 Fr.
819 516 868 553 II,
897 519 946 547 10.
970 515 1043 545 Ma-

153 557 257 587 nutius
272 563 374 597 negat,
390 569 421 589 se
435 559 537 588 locum
552 558 730 599 intelligere.
754 558 926 589 Lambinus
940 564 1042 588 autem

153 600 301 630 omissum
317 600 400 639 dicit,
423 600 598 638 μελεδωνας,
621 612 720 639 curas,
737 612 755 631 a
768 600 923 639 μελεδωνη.

198 648 313 678 Εατεον,
334 644 496 684 relinquere
513 650 631 683 oportet,
655 643 694 674 ad
708 644 776 674 Att.
797 643 825 681 I,
842 647 890 673 16.

193 686 309 714 Ἑαυτον
326 697 542 725 τιμωρουμενος,
560 689 682 727 seipsum
693 689 841 726 puniens5
868 696 959 717 senex
974 686 1038 717 Te-

153 727 317 758 rentianus.
341 729 435 760 Tusc.
453 727 517 765 III,
534 730 585 765 27.

194 771 427 810 Εβὸελυττομηυ,
449 773 647 811 abominabar,
670 772 709 803 ad
725 772 792 803 Att.
810 772 886 811 XV,
903 775 956 803 29.

195 819 362 854 Εγγηραμα,
387 817 540 846 senectutis
554 818 675 856 requies,
702 817 868 854 delectatio,
883 815 1042 854 occupatio,

151 856 191 888 ad
207 857 275 886 Att.
291 855 373 895 XII,
390 860 443 888 25.
460 861 512 889 30.

194 904 439 939 Εγκελευα-ματα,
461 901 645 939 hortationes,
661 901 699 932 ad
719 901 782 932 Att.
798 901 861 939 VI,
882 905 908 932 1.

194 948 437 981 Εγκωμιαστικα,
460 945 498 973 ad
527 954 572 974 res
602 945 765 974 laudandas
796 950 970 983 comparata,
1000 944 1040 975 ad

151 985 218 1016 Att.
238 984 265 1021 I,
286 988 334 1015 19.
358 985 407 1015 De
428 987 518 1017 verbo
542 999 689 1024 εγκωμιου,
710 994 740 1018 et
759 987 830 1018 h'mc
850 987 958 1024 ductis,
979 987 1040 1017 vid.

151 1029 272 1060 doctam
293 1028 584 1069 disputatiunculam
606 1030 723 1071 Spanh.
747 1030 786 1060 ad
808 1030 864 1062 Or.
882 1030 907 1060 1.
923 1029 1044 1061 Juliani

151 1072 174 1102 f.
191 1074 287 1103 5—9.

194 1114 391 1150 Εὲικωθησαν,
413 1115 552 1154 supplicio
565 1115 663 1156 affecti
681 1127 716 1145 ac
740 1117 834 1146 necati
848 1123 924 1146 sunt.
950 1116 1039 1147 Verr.

150 1156 213 1193 VI,
230 1158 281 1192 57.
299 1157 515 1188 Hotomannus
531 1159 706 1197 conjiciebat
721 1159 895 1199 legendum,
914 1158 1042 1188 εὸ.’καιω-

149 1202 185 1233 im
193 1212 256 1236 σαν,
280 1200 362 1240 quod
380 1199 497 1229 δικαιουν
513 1201 594 1242 apud
609 1203 711 1242 probae
726 1208 806 1231 notae
821 1202 977 1242 scriptores
994 1202 1041 1232 in-

150 1242 271 1272 terdum
296 1242 344 1277 sit,
370 1245 486 1281 punire,
515 1255 618 1274 nccare
636 1255 728 1283 poence
754 1243 852 1274 camd.
875 1245 918 1275 Et
942 1244 983 1274 sic
1008 1245 1041 1274 in

149 1285 268 1315 duobus
299 1285 393 1315 Mss.
417 1286 589 1317 Lambinus
614 1287 745 1327 reperit:
771 1287 814 1318 sic
831 1287 923 1318 habet
949 1287 1041 1317 etiam

147 1328 225 1358 alius
241 1328 335 1358 codex
351 1329 472 1359 Graexdo
486 1329 637 1359 laudatus.
662 1329 772 1370 Itaque
795 1330 934 1360 Graevius
953 1340 1041 1370 repo-

148 1371 220 1407 suit,
249 1371 467 1405 581n21w5nmv.
489 1372 549 1402 Sed
574 1372 662 1410 mihi,
686 1373 854 1403 accuratius
876 1383 941 1404 rem
961 1373 1041 1403 aesti-

149 1414 258 1450 manti,
290 1413 465 1447 εδικωῖτησαν
494 1421 610 1445 rectum
639 1416 768 1446 videtur.
800 1416 897 1453 Nam,
927 1415 1040 1457 primo,

146 1466 208 1486 non
225 1463 268 1486 est
283 1461 386 1486 contra
400 1457 583 1497 analogiam,
605 1469 623 1488 a
644 1458 704 1492 δικν,
726 1459 851 1489 formari
873 1458 965 1488 δικοω.
989 1459 1040 1489 Sic

148 1499 315 1527 κσιταόικουυ
341 1504 384 1528 est
407 1509 456 1539 ap.
486 1500 621 1531 Dionem
644 1501 727 1531 Cass.
752 1513 783 1542 p.
808 1502 880 1531 631.
904 1501 1038 1531 Glossar.

146 1541 217 1570 Vct.
235 1541 389 1578 ὃικολογεω
401 1552 456 1582 pro
472 1542 663 1580 δικαιολογεω.
683 1544 804 1574 Deinde
817 1544 1037 1580 εδικαιωὲησαν,

145 1590 175 1614 et
190 1594 242 1624 per
257 1594 299 1620 se,
316 1589 345 1613 et
361 1583 417 1614 hoc
432 1595 531 1623 sensu,
555 1594 599 1616 est
614 1586 790 1617 Graecorum
805 1585 929 1627 optimis
945 1585 1038 1616 usita-

142 1633 232 1656 tum:
258 1626 363 1657 Cicero
387 1632 489 1657 autem
511 1628 605 1665 addit,
631 1631 653 1647 “
668 1636 699 1658 ut
716 1631 809 1660 Siculi
822 1630 981 1669 loquuntur
994 1629 1032 1663 ‚·”

142 1669 224 1712 quod
247 1669 357 1699 indicio
376 1674 431 1706 est,
457 1676 510 1701 aut
531 1673 633 1709 verbo,
649 1678 702 1702 aut
717 1682 806 1704 sensu
823 1671 927 1702 usitati
945 1677 1032 1702 caete-
