1122 1868
152 69 215 100 232
364 71 513 103 INDEX
537 71 824 104 HISTORICUS.

199 157 246 186 M.
260 158 434 195 Favonius,
450 162 518 189 Att.
542 158 587 196 ΙΙ,
616 163 641 190 l.
667 164 785 189 accusat
801 157 956 196 Nasicam,
973 157 1033 189 Cn.

151 198 291 239 Pompeii
316 211 459 231 socerum.
492 202 613 232 Moloni
636 212 758 242 operam
782 201 874 232 dedit.
894 200 933 231 ad
961 200 1034 232 Div.

153 241 256 280 VIII.
273 245 303 274 9.
320 243 350 273 in
377 244 519 284 petitione
547 251 686 285 praeturae
708 244 886 284 praeteritur.
919 243 985 273 Att.
1006 244 1035 282 Ι,

156 287 204 314 14.
220 295 290 315 curn
307 286 420 316 Catone
435 288 556 317 comitia
573 286 672 318 Clodii
688 287 724 317 de
739 287 828 317 sacris
838 286 880 317 rei
892 286 1038 317 dissolvit.

151 328 191 357 ad
207 328 281 359 Div.
300 329 331 359 V
334 328 398 366 111,
422 333 429 359 l
443 333 467 360 l.
492 330 630 360 Ciceroni
645 329 897 370 supplicationem
913 339 973 359 non
985 329 1038 359 de-

150 371 254 400 cernit.
279 372 349 402 Mil.
372 374 401 403 9.
432 376 479 403 16.
504 384 612 414 nempe
635 373 707 413 quia
724 373 800 403 Cato
816 381 876 401 non
900 371 1039 402 decerne-

151 414 213 451 bat,
241 416 327 453 cujus
352 415 459 445 similis
484 422 556 446 erat.
590 416 638 445 De
660 416 725 454 ejus
751 420 848 444 morte
864 425 891 444 v.
909 415 1034 445 Sueton.

150 456 234 497 Aug.
255 459 302 487 13.
335 460 477 488 Faenius
501 469 540 488 an
564 460 725 488 Favonius
749 456 924 487 scribendus
939 457 988 494 sit,
1005 467 1034 487 v.

150 498 274 530 Manut.
288 500 326 530 ad
340 501 361 530 1.
379 502 515 541 proxime
529 512 554 531 c.
572 501 674 531 Ursin.
697 501 728 530 in
744 499 852 531 nouad
863 499 926 530 Cic.
939 510 969 542 p.
980 502 1035 534 94.

151 548 181 572 et
198 542 329 574 Casaub.
345 544 383 574 ad
400 546 482 574 Suet.
497 545 518 573 l.
535 554 561 574 c.

193 587 327 622 Fausta,
343 587 412 617 Att.
429 586 470 623 V,
487 588 516 616 8.
535 587 575 616 Τ.
594 586 722 616 Milonis
736 596 823 616 uxor.

192 630 343 665 Faustus,
360 630 437 659 Suu.
450 630 498 659 18.
515 636 559 659 est
570 629 607 659 L.
624 628 783 660 Cornelius
796 627 890 658 Sulla.
913 627 957 658 Et
967 628 1033 667 ejus

149 670 230 701 filius
255 672 378 702 Cluent.
401 675 456 701 534.
489 672 562 702 Vat.
589 674 636 701 14.
672 673 737 701 Att.
755 671 815 708 IV,
840 673 888 701 10.
920 671 1032 711 Agrar-

151 713 179 752 Ι,
196 715 225 743 6.
250 715 315 745 Att.
333 713 396 751 IX,
417 718 442 745 1.
459 715 496 744 de
512 715 623 755 quibus
638 714 704 744 vide
719 715 750 744 in
766 714 862 744 Sulla.

192 758 334 794 Feralia,
359 759 425 787 Att.
447 756 545 795 VIII,
571 760 622 787 24.
646 767 728 788 sacra
752 756 907 798 placandis
930 755 1036 786 Mani-

152 799 221 835 bus,
238 810 341 830 mense
353 801 443 831 Febr.

192 843 241 873 M.
257 845 415 879 FerMius,
432 844 470 874 ad
485 844 556 874 Div.
574 842 672 880 VIII,
689 844 719 874 9.
738 853 829 884 eques
844 843 936 874 Rom.

195 887 230 915 C.
255 888 478 917 Fidiculanius
501 888 648 925 Falcula,
674 886 785 916 Caecin.
816 889 863 917 10.
906 889 1033 916 senator.

152 927 274 960 Cluent.
290 931 341 965 37.
370 930 464 960 Miror
479 930 528 960 CI.
541 929 670 959 Gorium
686 929 834 959 familiam
850 927 1036 959 Fidiculani-

150 982 211 1008 am.
229 983 297 1013 quae
316 973 347 1002 in
373 973 525 1013 lapidibus
547 972 697 1002 Donianis
722 973 860 1010 occurrit,
885 972 962 1001 inter
984 980 1034 1001 eas

150 1015 270 1054 referre,
287 1016 324 1046 de
339 1016 451 1057 quibus
467 1015 644 1056 antiquariis
658 1015 796 1045 nondum
810 1022 880 1045 ante
894 1013 1035 1045 constite-

153 1064 202 1088 nt.

195 1100 229 1130 C.
250 1102 396 1139 Γὲτῐιιῐιις,
411 1101 485 1132 vat.
504 1105 552 1133 13.
577 1100 695 1132 videtur
718 1106 836 1131 senator
857 1100 960 1138 fuisse,
979 1104 1033 1129 aut

150 1154 242 1185 eques
253 1150 341 1174 certe.

194 1188 230 1218 C.
247 1188 393 1218 M'arcius
412 1189 558 1228 Figulus,
575 1187 649 1217 Nat.
663 1185 704 1216 D.
722 1186 770 1224 ΙΙ,
789 1187 816 1216 4.
833 1187 870 1216 Ρ.
886 1184 1034 1226 Scipionis

148 1230 263 1270 collega
283 1230 314 1260 in
340 1231 497 1261 consulatu
513 1241 531 1260 a
545 1230 598 1261 Ti.
617 1230 754 1260 Graccho
777 1229 881 1260 vitiose
905 1233 1032 1264 creatus,

148 1273 267 1303 abdicat
282 1284 312 1303 se
327 1274 495 1304 consulatu.
511 1273 584 1303 Div.
604 1271 650 1310 II,
664 1275 715 1302 35.
731 1272 786 1303 Br.
797 1274 848 1303 20.
865 1282 936 1303 cum
951 1271 1034 1301 Len-

149 1315 214 1345 tulo
229 1317 333 1346 consul
349 1317 408 1346 fuit
429 1317 471 1346 A.
487 1317 528 1347 U.
545 1317 616 1351 597.

195 1360 230 1388 C.
254 1360 397 1390 ssiat-cius
414 1360 560 1398 Figulus,
586 1358 624 1388 ad
651 1358 717 1388 Att.
738 1357 765 1396 1,
790 1362 820 1389 2.
843 1357 948 1388 consul
963 1365 1034 1386 cum

149 1401 187 1430 L.
205 1402 333 1439 Caesare,
350 1403 392 1432 A.
411 1403 483 1433 689.
499 1403 537 1432 de
553 1401 628 1442 Leg.
645 1401 692 1440 ΙΙ,
710 1404 761 1432 25.
777 1401 951 1442 sepulcrum
967 1399 1032 1438 ejus

151 1451 439 1474 sumtuofflssunum.

191 1486 228 1515 1².
247 1489 398 1526 Nigidius
414 1488 560 1526 Figulus.
577 1487 618 1517 V.
633 1487 666 1516 in
684 1488 839 1526 Nigidius.

192 1530 223 1559 C,
248 1531 376 1560 Flavias
397 1532 554 1567 Fimbria,
580 1530 669 1560 Brut.
695 1532 746 1559 45.
770 1534 926 1560 accusatus
948 1537 966 1557 a
981 1526 1031 1557 M.

147 1571 285 1602 Gratidio
297 1573 334 1602 de
350 1574 531 1613 repetundis.
555 1573 644 1603 Font.
661 1574 690 1608 7.
709 1572 812 1602 Scauri
828 1569 1035 1602 testimonium

146 1614 178 1644 in
194 1624 264 1644 eum
288 1616 331 1644 nil
348 1616 452 1646 valuit.
477 1616 532 1646 Or.
549 1615 594 1653 ΙΙ,
614 1618 664 1644 22.
685 1615 784 1655 qualis
809 1620 908 1644 orator
932 1612 1033 1643 fuerit.

146 1657 201 1687 ΒΓ.
219 1661 268 1687 24.
286 1659 383 1688 bonus
399 1665 502 1689 auctor
518 1659 549 1688 in
565 1664 681 1695 senatu,
699 1657 862 1687 tolerabilis
878 1663 1034 1696 patronus,

143 1709 198 1730 nec
211 1700 294 1731 rudis
309 1700 340 1730 in
358 1702 427 1740 jure
441 1701 531 1732 civili.
566 1701 670 1731 Plane.
696 1703 747 1730 21.
761 1700 792 1730 in
816 1699 961 1740 petitione
982 1697 1035 1728 tri-
