1137 1848
342 36 491 68 INDEX
514 37 801 69 HISTORICUS.
947 41 1009 72 299

126 122 260 153 muneris
274 123 430 164 acceperit.
453 123 525 154 Div.
542 123 571 161 Ι,
588 124 642 154 36.
663 124 711 163 11,
727 124 780 154 31.
796 134 890 166 puero
904 124 1009 155 formi-

125 176 168 195 cae
182 165 271 196 tritici
282 176 376 205 grana
389 166 421 195 in
437 176 469 196 os
484 172 660 207 congerunt.

172 209 260 245 Milo,
292 208 488 240 Crotoniates.
516 209 603 247 Cato,
631 211 660 240 9.
688 210 737 240 10.
763 210 831 240 Fat.
865 213 914 241 13.
944 212 1009 251 ejus

126 259 212 280 vires,

174 295 210 324 Τ.
223 295 347 325 Annius
359 295 451 330 Milo.
468 294 538 324 Mil.
555 295 603 324 15.
623 302 691 335 post
702 296 902 333 tribunatum,
919 307 1011 338 quem

125 337 216 377 gessit
237 338 369 367 Lentulo
381 337 541 378 Spinthere
556 343 585 367 et
601 338 729 368 Metello
744 349 816 368 coss,
833 350 917 369 reum
940 340 1011 370 facit

128 380 164 410 P.
182 380 308 411 Clodius
323 381 360 411 de
376 381 415 410 vi.
431 380 469 410 ad
493 380 566 410 Div.
586 381 616 418 1,
633 383 662 410 5.
682 391 699 410 a
722 380 779 411 Cn.
799 382 944 422 Pompeio
959 383 1012 413 de-

126 423 268 453 fenditur.
292 424 360 454 Att.
378 422 438 461 IV,
455 424 485 453 3.
502 424 566 462 ejus
589 433 658 453 cum
675 424 782 453 Clodio
797 426 1010 456 contentiones.
1051 442 1054 444 ,

127 466 190 496 Off.
206 467 253 501 ΙΙ,
273 467 320 501 17.
350 467 377 497 ei
392 466 501 496 honori
516 466 586 503 fuit,
603 466 819 506 gladiatoribus
835 468 922 498 emtis
938 469 1012 509 reip.

124 509 216 539 causa
233 509 333 540 Clodii
346 510 459 539 furores
475 509 682 549 comprimere.
698 509 736 539 ad
748 509 821 539 Div.
838 510 882 546 ΙΙ,
900 512 929 541 6.
941 522 1011 541 con-

125 553 260 582 sulatum
275 553 358 592 petit.
395 552 464 582 Hoc
485 552 549 592 ipso
574 558 709 592 tempore
725 552 867 582 Clodium
888 554 1011 584 interfe-

125 595 184 625 cit:
209 595 246 625 de
262 606 323 635 quo
347 596 406 626 vid.
424 605 542 635 argum.
567 606 610 625 or.
637 605 682 635 pr.
708 595 836 626 Milone.
870 597 919 627 De
943 598 1008 636 ejus

126 638 209 669 exitu
225 649 253 667 v.
271 638 379 668 Vellei.
399 637 444 675 II,
467 639 518 667 68.
542 637 637 667 Dion.
654 637 728 675 XL,
744 649 774 678 p.
795 641 861 668 141.
878 651 922 680 sq.

171 683 344 719 Miltiades,
362 682 429 711 Fin.
448 679 494 717 II,
507 681 535 710 4.
554 681 646 711 Tusc.
665 680 726 717 IV,
748 683 794 712 19.
809 683 875 721 ejus
887 689 1008 724 tropaea.

125 724 208 754 Sext.
226 725 276 753 64.
294 726 358 763 ejus
374 724 537 754 calamitas.

169 767 312 797 Mindius
335 768 516 802 Marcellus,
533 767 572 796 ad
588 766 662 797 Div.
677 766 754 801 XV,
774 767 822 802 17.

168 810 216 839 Μ.
235 810 389 847 fflindius,
414 811 451 840 ad
476 809 548 839 Div.
575 809 617 847 V,
644 812 695 840 20.
722 808 821 848 XIII,
846 812 897 842 26.
918 811 1010 842 frater

125 852 268 883 Mescinii
284 854 371 891 Rufi,
388 852 565 894 negotiator.

170 897 326 934 Illinerva,
344 897 417 926 Nat.
434 896 475 925 D.
494 894 559 933 III,
575 896 626 925 23.
642 896 744 936 plures
761 896 919 927 Minervae.
935 897 1008 927 ibid.

125 939 226 977 Coria,
242 939 415 970 Arcadibus
426 940 518 976 culta,
530 938 748 979 quadrigarum
763 939 924 969 inventrix.
938 940 1010 970 ibid.

124 981 189 1018 ΙΙΙ,
207 985 258 1012 24.
274 982 465 1023 etymologia.

168 1025 289 1063 Imbros,
300 1036 353 1056 rex
369 1025 476 1055 Cretae.
504 1024 597 1055 Tusc.
611 1025 640 1062 Ι,
657 1026 686 1054 5.
701 1026 752 1055 41.
775 1025 826 1062 ΙΙ,
846 1028 894 1055 14.
919 1024 1009 1056 Offic.

122 1067 150 1106 1,
168 1069 219 1098 28.

167 1112 380 1149 immaturus,
396 1111 434 1141 ad
452 1111 528 1141 Div.
550 1110 633 1147 XII,
657 1112 707 1140 25.
733 1111 753 1140 i.
768 1122 793 1141 e.
817 1111 966 1142 Calvisius
982 1116 1011 1142 et

125 1155 262 1191 Taurus,
280 1155 334 1194 qui
348 1154 405 1184 hoc
420 1154 543 1184 nomine
554 1154 808 1194 perstringuntur.

167 1198 315 1229 ,Minucia
327 1208 413 1236 gens,
431 1197 519 1227 Verr.
541 1196 587 1232 ΙΙ,
602 1198 652 1225 45.

167 1242 313 1273 ,Μὶηῑιεία
321 1242 468 1279 porticus,
483 1240 564 1270 Phil.
580 1238 625 1276 II,
637 1240 688 1269 34.
700 1245 810 1269 structa
825 1250 843 1270 a
858 1238 1009 1278 Minucio,

123 1281 178 1325 qui
193 1283 230 1313 de
245 1283 405 1313 Scordiscis
421 1282 631 1323 triumphavit.
656 1282 736 1313 Vell.
755 1282 800 1321 ΙΙ,
819 1284 848 1312 8.

167 1326 347 1362 Minucius,
364 1326 452 1356 Verr.
466 1326 514 1363 ΙΙ,
538 1326 590 1355 45.

167 1370 332 1399 Minucius
356 1370 498 1408 fllagius,
525 1368 594 1398 Att-
614 1366 675 1406 IX,
704 1369 752 1398 13.
769 1378 787 1398 a
807 1367 954 1409 Pompeio
972 1368 1010 1399 de

123 1422 197 1454 pace
208 1412 340 1442 mittitur
351 1412 389 1442 ad
406 1411 567 1443 Caesarem.

168 1457 225 1486 Cn.
240 1456 415 1491 Minue-ius,
442 1454 481 1485 ad
502 1454 576 1484 Div.
594 1452 675 1491 XII,
692 1455 743 1484 25.
767 1453 799 1483 in
814 1452 931 1491 Afric&
956 1460 1010 1484 aut

119 1499 204 1539 apud
216 1498 256 1536 Q.
274 1497 470 1528 Cornificium
483 1496 599 1537 aliquid
611 1497 745 1527 muneris
756 1497 864 1534 tenuit,
875 1503 928 1527 aut
939 1507 1009 1537 pro-

121 1541 223 1582 prium
235 1541 397 1581 imperium
412 1540 529 1570 habuit.

167 1585 208 1615 L.
232 1584 398 1614 Minucius
426 1584 563 1613 Basilus.
587 1583 680 1614 offic.
702 1581 767 1619 111,
787 1585 835 1613 18.
859 1582 913 1623 qui
939 1592 1009 1613 cum

121 1625 239 1657 Caesare
261 1628 292 1656 in
320 1627 423 1657 Gallis
443 1626 511 1656 fuit.
535 1627 576 1657 V.
600 1627 640 1657 de
663 1626 702 1656 B.
724 1626 763 1656 G.
781 1625 842 1663 VI,
868 1627 919 1657 29.
947 1625 1006 1655 vid.

122 1669 214 1700 etiam
229 1670 363 1700 Basilus.

170 1712 206 1748 Q.
225 1708 402 1751 Minacias,
416 1712 505 1743 Brut.
525 1712 572 1742 18.
596 1712 699 1743 consul
716 1712 754 1742 A.
771 1711 842 1742 556.
