1137 1848
274 60 424 92 INDEX
449 61 734 94 HISTORICUS.
888 63 952 99 337

64 147 104 178 ad
128 145 200 177 Div.
217 145 317 185 VIII,
339 151 363 178 l.
384 147 525 178 inimicus
547 148 710 186 Ciceronis,
735 148 789 190 qui
808 148 840 178 in
863 150 954 180 causa

65 190 194 220 Milonis
209 190 290 220 diem
306 190 403 221 dicere
424 190 560 221 Ciceroni
579 192 674 221 voluit
694 193 737 232 (v.
753 202 871 232 argum.
890 192 954 221 Mi-

63 233 126 263 lon.
144 232 283 270 Pediani)
296 244 304 263 t
322 233 402 263 unde
415 233 496 264 fama
508 240 573 264 orta
588 241 642 272 est,
658 233 834 265 Ciceronem
846 235 952 265 itinere

62 276 94 306 in
108 275 246 306 Ciliciam
256 276 294 306 ab
307 286 341 306 eo
352 277 454 306 exsule
466 276 657 307 interfectum
673 288 744 308 esse.
761 277 854 315 Quod
870 288 952 308 com-

64 318 127 349 itiis
151 328 231 349 cons·
256 326 402 360 perpetuo
422 319 625 356 obnuntiaret,
652 320 683 349 in
705 330 851 351 carcerem
882 331 952 351 con-

62 362 177 401 jectum
191 368 406 392 commemorat
425 362 487 392 Dio
513 361 646 398 Cassius,
670 363 723 393 lib.
739 363 814 401 XL,
830 375 858 404 p.
878 367 951 394 141.

65 403 160 435 Anno
182 410 249 445 post
264 405 466 441 tribunatum,
482 405 520 435 de
534 405 563 435 vi
583 405 800 436 condemnatus
818 413 861 436 est
881 417 952 437 cum

65 447 105 477 T.
122 448 248 478 Planco.
257 447 295 477 ad
306 448 380 477 Div.
394 447 492 485 VIII,
508 451 536 478 l.
560 448 667 478 Baulis
679 449 832 486 exsulat,
824 459 854 479 m
869 459 952 479 sum-

64 491 118 521 ma
132 496 320 531 paupertate,
338 490 399 531 qua
413 501 483 521 eum
506 492 553 521 M.
572 490 685 521 Coelius
705 492 798 528 idem,
815 492 868 532 qui
884 498 953 522 ante

65 538 266 569 accusaverat,
282 533 400 571 liberat,
422 534 555 574 cogendo
574 540 703 564 matrem
722 534 906 573 Corneliam,
920 542 955 565 ut

65 576 179 617 praedia
191 575 260 606 fidei
271 587 332 606 suae
341 577 502 607 commissa
513 577 657 607 redderet.
672 577 774 608 Valer.
786 577 833 607 Μ.
846 577 906 616 IV,
921 581 952 615 ⁴2,

64 619 123 650 hoc
137 619 210 649 dicit
224 619 338 649 Coelius
351 631 358 649 :
385 622 407 638 “
420 631 516 660 usque
529 631 564 650 eo
577 621 802 651 embaeneticam
817 620 899 657 facit,
918 627 955 651 ut

66 672 122 703 ego
136 661 291 692 misererer
307 663 371 702 ejus
392 663 530 693 esuriei.’'
558 663 599 692 V.
620 663 758 693 Perizon.
777 664 814 694 de
835 663 875 694 L.
888 664 918 695 V
920 674 954 695 o-

65 715 132 736 con.
170 726 178 734 .
200 706 268 735 141.

115 715 349 787 QPPompeius,
371 748 455 779 Sext.
476 748 513 779 F.
535 748 574 779 ad
590 748 663 779 Div.
680 748 779 788 XIII,
796 750 847 780 49.
861 750 956 781 Curio

65 791 305 822 commendatur.

112 835 197 865 Sext.
210 835 391 874 Pompeius,
413 835 444 866 S.
458 835 494 865 F.
504 836 560 866 Cn.
575 835 730 865 Strabonis
742 835 779 865 fr.
795 836 886 866 Brut.
903 837 955 872 47.

67 887 208 907 summus
220 876 334 915 JCtus,
345 884 509 918 geometra,
523 884 551 908 et
567 879 696 908 Stoicus.
723 878 773 909 Cf.
788 879 844 909 Or.
862 879 890 917 1,
906 880 955 909 15.

69 919 135 958 III,
149 923 199 950 21.
226 920 317 951 Offic.
334 920 362 958 I,
376 922 405 950 6.
430 921 510 951 Phil.
527 920 607 957 XII,
630 925 676 951 ΙΙ.

113 966 142 994 S.
161 964 338 1003 Pompeius,
363 963 420 995 Cn.
435 964 546 1005 Magni
560 964 602 993 fil.
618 966 687 994 Att.
706 964 788 1003 XII,
810 967 861 997 37.
876 965 955 1006 fugit

66 1006 99 1037 in
115 1006 298 1047 Hispaniam
319 1007 494 1037 citeriorem.
519 1007 557 1037 ad
572 1007 647 1037 Div.
663 1006 726 1045 XI,
747 1012 773 1038 l.
794 1009 902 1038 nuntio
917 1008 955 1039 de

68 1049 196 1081 Caesaris
211 1056 308 1080 morte
323 1050 438 1080 firmior
453 1050 575 1080 futurus
590 1056 725 1091 putatur.
750 1051 832 1081 Phil.
850 1051 952 1089 XIII,

66 1094 98 1123 6.
122 1092 269 1123 Massiliae
283 1099 429 1129 versatur,
446 1103 480 1123 ac
507 1093 665 1123 Mutinam
677 1094 720 1123 ire
735 1104 805 1124 cum
822 1095 954 1125 exercitu

66 1135 166 1173 timet,
190 1142 312 1177 propter
337 1142 547 1166 veteranorum
568 1136 686 1175 odium,
703 1136 785 1167 Phil.
802 1138 845 1176 V,
866 1141 914 1168 15.
936 1149 955 1168 a

65 1178 116 1210 Μ.
133 1178 250 1220 Lepido
266 1178 378 1210 cixdtati
393 1179 568 1209 restituitur.

112 1221 150 1251 P.
164 1221 317 1260 Pompeius
333 1222 467 1252 Chlorus.
484 1222 571 1253 Verr.
588 1221 653 1260 III,
665 1224 695 1252 8.
713 1223 785 1254 civis
801 1224 894 1254 Rom.
917 1223 954 1254 de

65 1270 214 1296 conventu
231 1265 427 1296 Mamertino.

112 1307 288 1346 Pompilius,
305 1308 396 1339 Offic.
414 1307 442 1345 Ι,
464 1312 511 1339 ll.
528 1309 702 1350 imperator,
720 1309 750 1339 in
767 1309 853 1348 cujus
869 1320 954 1340 exer-

67 1350 131 1381 citu
146 1350 203 1381 tiro
219 1351 277 1380 fuit
293 1350 418 1381 Catonis
435 1350 571 1382 Censorii
591 1352 680 1382 filius.
705 1352 764 1383 Sed
779 1352 831 1382 alii
846 1352 896 1383 hic
911 1353 954 1383 le-

68 1399 158 1434 gunt,
185 1394 340 1433 Popillius,
365 1404 458 1434 quam
484 1395 643 1425 lectionem
664 1395 775 1435 recepit
791 1395 953 1432 Graevius3

69 1442 100 1467 et
125 1437 249 1477 capiunt
274 1442 328 1466 aut
349 1436 386 1466 de
412 1436 448 1467 C.
465 1438 596 1478 Popillio
620 1438 756 1473 Laenate,
773 1438 827 1478 qui
850 1439 955 1469 consul

70 1479 130 1510 fuit
144 1480 217 1510 belli
229 1479 349 1510 Maced.
364 1479 397 1509 II
410 1490 489 1510 anno
501 1481 610 1521 primo,
625 1487 677 1510 aut
692 1481 728 1511 de
744 1480 791 1510 M,
811 1481 954 1522 Popillio,

71 1522 126 1563 qui
146 1522 306 1563 Liguriam
323 1523 444 1553 biennio
457 1530 525 1553 ante
545 1524 660 1553 bellum
677 1524 798 1554 Maced.
815 1523 850 1553 II
876 1524 955 1554 obti

69 1565 148 1601 nuit,
166 1571 195 1595 et
221 1565 263 1595 ibi
285 1567 361 1596 bene
377 1577 422 1596 res
437 1567 538 1606 gessit.
563 1566 726 1596 Manutius
752 1573 836 1607 pater
851 1573 954 1597 autem

66 1608 198 1648 legebat,
227 1609 343 1639 Paulus
367 1609 534 1645 AEmilius3
560 1609 641 1650 quod
656 1611 763 1650 probat
781 1609 824 1640 fil.
841 1610 954 1641 Aldus.

69 1651 110 1681 V.
128 1651 301 1692 Chapman.
318 1652 357 1681 ad
371 1652 402 1681 h.
418 1653 440 1682 1.
458 1652 490 1682 in
507 1652 553 1682 ed.
571 1652 697 1682 Pearcii.

110 1695 263 1733 Pompilii,
286 1694 376 1725 Petit.
394 1694 486 1726 Cons.
502 1696 532 1725 3.
546 1695 635 1725 amici
652 1695 803 1726 Catilinae.

111 1738 283 1776 Pomponia,
299 1738 367 1769 Att.
385 1738 445 1777 Ι,
430 1750 459 1768 ο.
476 1748 558 1769 soror
572 1737 678 1769 Attici.

112 1780 262 1821 (clavis.)
684 1783 703 1812 2
717 1790 737 1810 G
