<?xml version="1.0" encoding="UTF-8"?>
<!DOCTYPE html PUBLIC "-//W3C//DTD XHTML 1.0 Transitional//EN"
    "http://www.w3.org/TR/xhtml1/DTD/xhtml1-transitional.dtd">
<html xmlns="http://www.w3.org/1999/xhtml" xml:lang="en" lang="en">
 <head>
  <title>
</title>
<meta http-equiv="Content-Type" content="text/html;charset=utf-8" />
  <meta name='ocr-system' content='tesseract 3.04.00' />
  <meta name='ocr-capabilities' content='ocr_page ocr_carea ocr_par ocr_line ocrx_word'/>
</head>
<body>
  <div class='ocr_page' id='page_1' title='image "./operaern12ciceuoft_0439.png"; bbox 0 0 1137 1848; ppageno 0'>
   <div class='ocr_carea' id='block_1_1' title="bbox 226 73 957 109">
    <p class='ocr_par' dir='ltr' id='par_1_1' title="bbox 226 73 957 109">
     <span class='ocr_line' id='line_1_1' title="bbox 226 73 957 109; baseline -0.005 -1"><span class='ocrx_word' id='word_1_1' title='bbox 226 75 376 108; x_wconf 89' lang='lat' dir='ltr'>INDEX</span> <span class='ocrx_word' id='word_1_2' title='bbox 399 73 765 106; x_wconf 84' lang='lat' dir='ltr'><strong>GRAECO-LATINU</strong></span> <span class='ocrx_word' id='word_1_3' title='bbox 767 74 798 105; x_wconf 86' lang='lat' dir='ltr'>S.</span> <span class='ocrx_word' id='word_1_4' title='bbox 894 74 957 109; x_wconf 76' lang='lat'>427</span> 
     </span>
    </p>
   </div>
   <div class='ocr_carea' id='block_1_2' title="bbox 44 159 954 1787">
    <p class='ocr_par' dir='ltr' id='par_1_2' title="bbox 61 159 954 242">
     <span class='ocr_line' id='line_1_2' title="bbox 107 159 954 201; baseline 0 -11"><span class='ocrx_word' id='word_1_5' title='bbox 107 167 295 199; x_wconf 59' lang='grc' dir='ltr'>Απῡτευγμα,</span> <span class='ocrx_word' id='word_1_6' title='bbox 323 162 382 200; x_wconf 83' lang='lat' dir='ltr'>spei</span> <span class='ocrx_word' id='word_1_7' title='bbox 403 160 577 201; x_wconf 79' lang='lat' dir='ltr'><em>frustratio,</em></span> <span class='ocrx_word' id='word_1_8' title='bbox 599 161 699 198; x_wconf 67' lang='lat' dir='ltr'>infelix</span> <span class='ocrx_word' id='word_1_9' title='bbox 728 170 888 197; x_wconf 74' lang='lat' dir='ltr'><em>successus,</em></span> <span class='ocrx_word' id='word_1_10' title='bbox 915 159 954 190; x_wconf 87' lang='lat' dir='ltr'>ad</span> 
     </span>
     <span class='ocr_line' id='line_1_3' title="bbox 61 201 930 242; baseline -0.002 -9"><span class='ocrx_word' id='word_1_11' title='bbox 61 203 135 234; x_wconf 89' lang='lat' dir='ltr'>Div.</span> <span class='ocrx_word' id='word_1_12' title='bbox 152 204 214 242; x_wconf 75' lang='lat' dir='ltr'>IX,</span> <span class='ocrx_word' id='word_1_13' title='bbox 232 208 284 234; x_wconf 77' lang='lat'>21.</span> <span class='ocrx_word' id='word_1_14' title='bbox 301 205 339 234; x_wconf 85' lang='lat' dir='ltr'>ad</span> <span class='ocrx_word' id='word_1_15' title='bbox 356 204 421 233; x_wconf 79' lang='lat' dir='ltr'>Att.</span> <span class='ocrx_word' id='word_1_16' title='bbox 437 202 537 242; x_wconf 77' lang='lat' dir='ltr'>XIII,</span> <span class='ocrx_word' id='word_1_17' title='bbox 552 206 603 234; x_wconf 81' lang='lat'>27.</span> <span class='ocrx_word' id='word_1_18' title='bbox 619 204 657 234; x_wconf 85' lang='lat' dir='ltr'>ad</span> <span class='ocrx_word' id='word_1_19' title='bbox 668 204 731 241; x_wconf 86' lang='lat' dir='ltr'>Qu.</span> <span class='ocrx_word' id='word_1_20' title='bbox 749 203 800 233; x_wconf 81' lang='lat' dir='ltr'>Fr.</span> <span class='ocrx_word' id='word_1_21' title='bbox 818 201 883 240; x_wconf 75' lang='lat' dir='ltr'>III,</span> <span class='ocrx_word' id='word_1_22' title='bbox 901 205 930 232; x_wconf 81' lang='lat'>2.</span> 
     </span>
    </p>

    <p class='ocr_par' dir='ltr' id='par_1_3' title="bbox 57 246 950 373">
     <span class='ocr_line' id='line_1_4' title="bbox 102 246 950 285; baseline 0 -10"><span class='ocrx_word' id='word_1_23' title='bbox 102 252 273 285; x_wconf 70' lang='grc' dir='ltr'>Αποτομως,</span> <span class='ocrx_word' id='word_1_24' title='bbox 297 250 408 281; x_wconf 76' lang='lat' dir='ltr'>acerbe,</span> <span class='ocrx_word' id='word_1_25' title='bbox 423 257 532 285; x_wconf 68' lang='lat' dir='ltr'>aspere,</span> <span class='ocrx_word' id='word_1_26' title='bbox 549 247 587 276; x_wconf 82' lang='lat' dir='ltr'>ad</span> <span class='ocrx_word' id='word_1_27' title='bbox 602 247 670 277; x_wconf 84' lang='lat' dir='ltr'>Att.</span> <span class='ocrx_word' id='word_1_28' title='bbox 688 247 732 284; x_wconf 83' lang='lat' dir='ltr'>X,</span> <span class='ocrx_word' id='word_1_29' title='bbox 754 249 802 275; x_wconf 89' lang='lat' dir='ltr'>ll.</span> <span class='ocrx_word' id='word_1_30' title='bbox 824 246 950 276; x_wconf 84' lang='lat' dir='ltr'>ductum</span> 
     </span>
     <span class='ocr_line' id='line_1_5' title="bbox 57 288 949 331; baseline 0 -13"><span class='ocrx_word' id='word_1_31' title='bbox 57 299 75 318; x_wconf 85' lang='lat' dir='ltr'>a</span> <span class='ocrx_word' id='word_1_32' title='bbox 90 289 222 325; x_wconf 84' lang='lat' dir='ltr'>medicis,</span> <span class='ocrx_word' id='word_1_33' title='bbox 235 290 288 331; x_wconf 91' lang='lat' dir='ltr'>qui</span> <span class='ocrx_word' id='word_1_34' title='bbox 303 296 405 320; x_wconf 82' lang='lat' dir='ltr'><strong>secant</strong></span> <span class='ocrx_word' id='word_1_35' title='bbox 421 296 450 320; x_wconf 86' lang='lat' dir='ltr'>et</span> <span class='ocrx_word' id='word_1_36' title='bbox 464 295 569 328; x_wconf 80' lang='lat' dir='ltr'>urunt,</span> <span class='ocrx_word' id='word_1_37' title='bbox 587 297 616 319; x_wconf 81' lang='lat' dir='ltr'>et</span> <span class='ocrx_word' id='word_1_38' title='bbox 638 301 777 328; x_wconf 74' lang='grc' dir='ltr'>αποτομοι</span> <span class='ocrx_word' id='word_1_39' title='bbox 795 288 949 319; x_wconf 81' lang='lat' dir='ltr'>dicuntur.</span> 
     </span>
     <span class='ocr_line' id='line_1_6' title="bbox 57 331 509 373; baseline 0 -10"><span class='ocrx_word' id='word_1_40' title='bbox 57 331 98 363; x_wconf 91' lang='lat' dir='ltr'>V.</span> <span class='ocrx_word' id='word_1_41' title='bbox 116 332 285 373; x_wconf 82' lang='lat' dir='ltr'>Cuperum,</span> <span class='ocrx_word' id='word_1_42' title='bbox 302 333 379 363; x_wconf 84' lang='lat' dir='ltr'>Obs.</span> <span class='ocrx_word' id='word_1_43' title='bbox 391 331 437 369; x_wconf 79' lang='lat'>11,</span> <span class='ocrx_word' id='word_1_44' title='bbox 460 334 509 363; x_wconf 88' lang='grc'>17.</span> 
     </span>
    </p>

    <p class='ocr_par' dir='ltr' id='par_1_4' title="bbox 99 374 745 416">
     <span class='ocr_line' id='line_1_7' title="bbox 99 374 745 416; baseline 0.002 -13"><span class='ocrx_word' id='word_1_45' title='bbox 99 377 277 415; x_wconf 72' lang='grc' dir='ltr'>Αποτριψαι,</span> <span class='ocrx_word' id='word_1_46' title='bbox 291 377 458 416; x_wconf 70' lang='lat' dir='ltr'>abstergico,</span> <span class='ocrx_word' id='word_1_47' title='bbox 474 374 512 405; x_wconf 84' lang='lat' dir='ltr'>ad</span> <span class='ocrx_word' id='word_1_48' title='bbox 529 375 597 405; x_wconf 82' lang='lat' dir='ltr'>Att.</span> <span class='ocrx_word' id='word_1_49' title='bbox 615 375 696 411; x_wconf 75' lang='lat' dir='ltr'>VII,</span> <span class='ocrx_word' id='word_1_50' title='bbox 715 377 745 404; x_wconf 83' lang='lat'>5.</span> 
     </span>
    </p>

    <p class='ocr_par' dir='ltr' id='par_1_5' title="bbox 54 417 948 501">
     <span class='ocr_line' id='line_1_8' title="bbox 98 417 948 459; baseline 0.002 -13"><span class='ocrx_word' id='word_1_51' title='bbox 98 423 285 457; x_wconf 64' lang='grc' dir='ltr'>Αποφατικα,</span> <span class='ocrx_word' id='word_1_52' title='bbox 306 420 454 457; x_wconf 71' lang='lat' dir='ltr'>negantia,</span> <span class='ocrx_word' id='word_1_53' title='bbox 479 420 625 448; x_wconf 76' lang='lat' dir='ltr'>contraria</span> <span class='ocrx_word' id='word_1_54' title='bbox 648 419 802 447; x_wconf 67' lang='lat' dir='ltr'>aientibus.</span> <span class='ocrx_word' id='word_1_55' title='bbox 828 417 871 448; x_wconf 82' lang='lat' dir='ltr'>Iis</span> <span class='ocrx_word' id='word_1_56' title='bbox 893 420 948 459; x_wconf 76' lang='lat' dir='ltr'>op&#39;-</span> 
     </span>
     <span class='ocr_line' id='line_1_9' title="bbox 54 461 599 501; baseline 0.002 -11"><span class='ocrx_word' id='word_1_57' title='bbox 54 465 210 500; x_wconf 85' lang='lat' dir='ltr'>ponuntur</span> <span class='ocrx_word' id='word_1_58' title='bbox 223 467 425 499; x_wconf 65' lang='grc' dir='ltr'>καταφατικα.</span> <span class='ocrx_word' id='word_1_59' title='bbox 449 461 529 501; x_wconf 86' lang='lat' dir='ltr'>Top.</span> <span class='ocrx_word' id='word_1_60' title='bbox 550 464 599 491; x_wconf 86' lang='lat' dir='ltr'>ll.</span> 
     </span>
    </p>

    <p class='ocr_par' dir='ltr' id='par_1_6' title="bbox 62 502 945 581">
     <span class='ocr_line' id='line_1_10' title="bbox 97 502 945 544; baseline 0.002 -13"><span class='ocrx_word' id='word_1_61' title='bbox 97 503 444 544; x_wconf 44' lang='lat' dir='ltr'>Awopffreyluu-roffifioeete</span> <span class='ocrx_word' id='word_1_62' title='bbox 467 505 560 543; x_wconf 65' lang='lat' dir='ltr'>elicta,</span> <span class='ocrx_word' id='word_1_63' title='bbox 582 503 623 534; x_wconf 81' lang='lat' dir='ltr'>ad.</span> <span class='ocrx_word' id='word_1_64' title='bbox 638 503 714 534; x_wconf 85' lang='lat' dir='ltr'>Div.</span> <span class='ocrx_word' id='word_1_65' title='bbox 728 502 789 541; x_wconf 81' lang='lat' dir='ltr'>IX,</span> <span class='ocrx_word' id='word_1_66' title='bbox 807 504 856 534; x_wconf 87' lang='grc'>16.</span> <span class='ocrx_word' id='word_1_67' title='bbox 880 503 945 535; x_wconf 81' lang='lat' dir='ltr'>Off.</span> 
     </span>
     <span class='ocr_line' id='line_1_11' title="bbox 62 544 160 581; baseline -0.01 -6"><span class='ocrx_word' id='word_1_68' title='bbox 62 544 90 581; x_wconf 91' lang='lat' dir='ltr'>I,</span> <span class='ocrx_word' id='word_1_69' title='bbox 108 546 160 575; x_wconf 77' lang='lat'>29.</span> 
     </span>
    </p>

    <p class='ocr_par' dir='ltr' id='par_1_7' title="bbox 52 589 943 669">
     <span class='ocr_line' id='line_1_12' title="bbox 96 589 943 629; baseline 0.002 -12"><span class='ocrx_word' id='word_1_70' title='bbox 96 594 335 628; x_wconf 71' lang='grc' dir='ltr'>Απρακτοτατος,</span> <span class='ocrx_word' id='word_1_71' title='bbox 360 590 446 619; x_wconf 80' lang='lat' dir='ltr'>rebus</span> <span class='ocrx_word' id='word_1_72' title='bbox 460 590 580 629; x_wconf 77' lang='lat' dir='ltr'><em>agendis</em></span> <span class='ocrx_word' id='word_1_73' title='bbox 596 591 805 629; x_wconf 71' lang='lat' dir='ltr'>ineptissimus,</span> <span class='ocrx_word' id='word_1_74' title='bbox 821 589 859 619; x_wconf 82' lang='lat' dir='ltr'>ad</span> <span class='ocrx_word' id='word_1_75' title='bbox 878 589 943 619; x_wconf 87' lang='lat' dir='ltr'>Att.</span> 
     </span>
     <span class='ocr_line' id='line_1_13' title="bbox 52 630 150 669; baseline 0.01 -9"><span class='ocrx_word' id='word_1_76' title='bbox 52 630 81 669; x_wconf 86' lang='grc' dir='ltr'>Ι,</span> <span class='ocrx_word' id='word_1_77' title='bbox 104 634 150 661; x_wconf 84' lang='lat'>16.</span> 
     </span>
    </p>

    <p class='ocr_par' dir='ltr' id='par_1_8' title="bbox 52 673 942 754">
     <span class='ocr_line' id='line_1_14' title="bbox 93 673 942 713; baseline 0.004 -11"><span class='ocrx_word' id='word_1_78' title='bbox 93 673 326 713; x_wconf 64' lang='grc' dir='ltr'>Απροσδιονυσον,</span> <span class='ocrx_word' id='word_1_79' title='bbox 354 675 525 712; x_wconf 77' lang='lat' dir='ltr'>absurdum,</span> <span class='ocrx_word' id='word_1_80' title='bbox 554 676 696 713; x_wconf 78' lang='lat' dir='ltr'>ineptum,</span> <span class='ocrx_word' id='word_1_81' title='bbox 733 675 872 711; x_wconf 80' lang='lat' dir='ltr'>alienum,</span> <span class='ocrx_word' id='word_1_82' title='bbox 903 674 942 705; x_wconf 80' lang='lat' dir='ltr'>ad</span> 
     </span>
     <span class='ocr_line' id='line_1_15' title="bbox 52 716 297 754; baseline 0.004 -7"><span class='ocrx_word' id='word_1_83' title='bbox 52 716 228 754; x_wconf 80' lang='lat' dir='ltr'>Att.XV1‚</span> <span class='ocrx_word' id='word_1_84' title='bbox 252 721 297 748; x_wconf 69' lang='grc' dir='ltr'>ιδ.</span> 
     </span>
    </p>

    <p class='ocr_par' dir='ltr' id='par_1_9' title="bbox 46 759 941 843">
     <span class='ocr_line' id='line_1_16' title="bbox 95 759 941 801; baseline 0.002 -12"><span class='ocrx_word' id='word_1_85' title='bbox 95 766 267 799; x_wconf 59' lang='lat' dir='ltr'>Amne-1705,</span> <span class='ocrx_word' id='word_1_86' title='bbox 281 760 459 801; x_wconf 74' lang='lat' dir='ltr'>nonfacz&#39;lis</span> <span class='ocrx_word' id='word_1_87' title='bbox 470 762 571 799; x_wconf 75' lang='lat' dir='ltr'>aditu,</span> <span class='ocrx_word' id='word_1_88' title='bbox 582 761 709 791; x_wconf 64' lang='lat' dir='ltr'>minime</span> <span class='ocrx_word' id='word_1_89' title='bbox 730 759 878 800; x_wconf 78' lang='lat' dir='ltr'>affabilis,</span> <span class='ocrx_word' id='word_1_90' title='bbox 891 770 941 791; x_wconf 85' lang='lat' dir='ltr'>as-</span> 
     </span>
     <span class='ocr_line' id='line_1_17' title="bbox 46 802 388 843; baseline 0.003 -11"><span class='ocrx_word' id='word_1_91' title='bbox 46 813 116 843; x_wconf 74' lang='lat' dir='ltr'>per,</span> <span class='ocrx_word' id='word_1_92' title='bbox 133 802 172 832; x_wconf 76' lang='lat' dir='ltr'>ad</span> <span class='ocrx_word' id='word_1_93' title='bbox 186 802 255 832; x_wconf 82' lang='lat' dir='ltr'>Att.</span> <span class='ocrx_word' id='word_1_94' title='bbox 277 804 320 843; x_wconf 77' lang='lat' dir='ltr'>V,</span> <span class='ocrx_word' id='word_1_95' title='bbox 337 805 388 833; x_wconf 83' lang='lat'>20.</span> 
     </span>
    </p>

    <p class='ocr_par' dir='ltr' id='par_1_10' title="bbox 87 846 850 886">
     <span class='ocr_line' id='line_1_18' title="bbox 87 846 850 886; baseline 0 -11"><span class='ocrx_word' id='word_1_96' title='bbox 87 851 328 886; x_wconf 63' lang='lat' dir='ltr'>Affpoffsswvmo;‚</span> <span class='ocrx_word' id='word_1_97' title='bbox 344 848 545 885; x_wconf 67' lang='lat' dir='ltr'>insalutatus,</span> <span class='ocrx_word' id='word_1_98' title='bbox 561 846 600 876; x_wconf 85' lang='lat' dir='ltr'>ad</span> <span class='ocrx_word' id='word_1_99' title='bbox 615 846 684 877; x_wconf 87' lang='lat' dir='ltr'>Att.</span> <span class='ocrx_word' id='word_1_100' title='bbox 700 847 802 883; x_wconf 72' lang='lat' dir='ltr'>VIII,</span> <span class='ocrx_word' id='word_1_101' title='bbox 819 847 850 875; x_wconf 89' lang='lat'>8.</span> 
     </span>
    </p>

    <p class='ocr_par' dir='ltr' id='par_1_11' title="bbox 45 888 940 1230">
     <span class='ocr_line' id='line_1_19' title="bbox 90 888 940 930; baseline 0 -12"><span class='ocrx_word' id='word_1_102' title='bbox 90 894 180 927; x_wconf 75' lang='grc' dir='ltr'>Αργος</span> <span class='ocrx_word' id='word_1_103' title='bbox 195 892 290 924; x_wconf 80' lang='grc' dir='ltr'>λογος,</span> <span class='ocrx_word' id='word_1_104' title='bbox 306 891 420 928; x_wconf 75' lang='lat' dir='ltr'>ignava</span> <span class='ocrx_word' id='word_1_105' title='bbox 437 891 531 926; x_wconf 68' lang='lat' dir='ltr'>ratio,</span> <span class='ocrx_word' id='word_1_106' title='bbox 560 890 628 920; x_wconf 82' lang='lat' dir='ltr'>Fat.</span> <span class='ocrx_word' id='word_1_107' title='bbox 647 891 695 919; x_wconf 75' lang='lat'>12.</span> <span class='ocrx_word' id='word_1_108' title='bbox 711 899 807 930; x_wconf 81' lang='lat' dir='ltr'>genus</span> <span class='ocrx_word' id='word_1_109' title='bbox 823 888 940 929; x_wconf 87' lang='lat' dir='ltr'>sophis-</span> 
     </span>
     <span class='ocr_line' id='line_1_20' title="bbox 48 930 940 973; baseline -0.001 -11"><span class='ocrx_word' id='word_1_110' title='bbox 48 931 148 967; x_wconf 82' lang='lat' dir='ltr'>matis,</span> <span class='ocrx_word' id='word_1_111' title='bbox 166 930 248 971; x_wconf 89' lang='lat' dir='ltr'>quod</span> <span class='ocrx_word' id='word_1_112' title='bbox 262 932 332 962; x_wconf 87' lang='lat' dir='ltr'>inde</span> <span class='ocrx_word' id='word_1_113' title='bbox 347 943 458 963; x_wconf 87' lang='lat' dir='ltr'>nomen</span> <span class='ocrx_word' id='word_1_114' title='bbox 469 933 571 970; x_wconf 77' lang='lat' dir='ltr'>traxit,</span> <span class='ocrx_word' id='word_1_115' title='bbox 585 932 667 973; x_wconf 89' lang='lat' dir='ltr'>quod</span> <span class='ocrx_word' id='word_1_116' title='bbox 682 932 868 969; x_wconf 81' lang='lat' dir='ltr'>credebatur,</span> <span class='ocrx_word' id='word_1_117' title='bbox 882 931 940 961; x_wconf 88' lang='lat' dir='ltr'>ho-</span> 
     </span>
     <span class='ocr_line' id='line_1_21' title="bbox 48 973 938 1016; baseline -0.001 -11"><span class='ocrx_word' id='word_1_118' title='bbox 48 975 157 1010; x_wconf 76' lang='lat' dir='ltr'>mines,</span> <span class='ocrx_word' id='word_1_119' title='bbox 177 984 212 1004; x_wconf 86' lang='lat' dir='ltr'>eo</span> <span class='ocrx_word' id='word_1_120' title='bbox 236 973 384 1015; x_wconf 84' lang='lat' dir='ltr'>deceptos,</span> <span class='ocrx_word' id='word_1_121' title='bbox 406 976 529 1016; x_wconf 84' lang='lat' dir='ltr'>ignavos</span> <span class='ocrx_word' id='word_1_122' title='bbox 548 981 577 1005; x_wconf 84' lang='lat' dir='ltr'>et</span> <span class='ocrx_word' id='word_1_123' title='bbox 591 975 700 1005; x_wconf 84' lang='lat' dir='ltr'>otiosos</span> <span class='ocrx_word' id='word_1_124' title='bbox 716 975 847 1005; x_wconf 84' lang='lat' dir='ltr'><strong>reddere.</strong></span> <span class='ocrx_word' id='word_1_125' title='bbox 880 975 938 1004; x_wconf 87' lang='lat' dir='ltr'>Est</span> 
     </span>
     <span class='ocr_line' id='line_1_22' title="bbox 48 1017 937 1059; baseline -0.002 -11"><span class='ocrx_word' id='word_1_126' title='bbox 48 1017 129 1048; x_wconf 85' lang='lat' dir='ltr'>enim</span> <span class='ocrx_word' id='word_1_127' title='bbox 144 1017 332 1055; x_wconf 78' lang='lat' dir='ltr'>hujusmodi,</span> <span class='ocrx_word' id='word_1_128' title='bbox 349 1025 384 1048; x_wconf 90' lang='lat' dir='ltr'>ut</span> <span class='ocrx_word' id='word_1_129' title='bbox 399 1025 443 1048; x_wconf 84' lang='lat' dir='ltr'>est</span> <span class='ocrx_word' id='word_1_130' title='bbox 459 1018 541 1059; x_wconf 83' lang='lat' dir='ltr'>apud</span> <span class='ocrx_word' id='word_1_131' title='bbox 559 1017 622 1049; x_wconf 83' lang='lat' dir='ltr'>Cic.</span> <span class='ocrx_word' id='word_1_132' title='bbox 639 1018 676 1048; x_wconf 88' lang='lat' dir='ltr'>de</span> <span class='ocrx_word' id='word_1_133' title='bbox 697 1018 763 1048; x_wconf 84' lang='lat' dir='ltr'>Fat.</span> <span class='ocrx_word' id='word_1_134' title='bbox 790 1018 838 1047; x_wconf 77' lang='lat'>12.</span> <span class='ocrx_word' id='word_1_135' title='bbox 864 1019 886 1034; x_wconf 67' lang='lat'>‘⁴</span> <span class='ocrx_word' id='word_1_136' title='bbox 903 1017 937 1047; x_wconf 66' lang='lat' dir='ltr'>Si</span> 
     </span>
     <span class='ocr_line' id='line_1_23' title="bbox 46 1059 936 1098; baseline -0.001 -9"><span class='ocrx_word' id='word_1_137' title='bbox 46 1061 145 1090; x_wconf 79' lang='lat' dir='ltr'>fatum</span> <span class='ocrx_word' id='word_1_138' title='bbox 168 1059 223 1089; x_wconf 87' lang='lat' dir='ltr'>tibi</span> <span class='ocrx_word' id='word_1_139' title='bbox 238 1066 293 1098; x_wconf 82' lang='lat' dir='ltr'>est,</span> <span class='ocrx_word' id='word_1_140' title='bbox 316 1071 353 1091; x_wconf 87' lang='lat' dir='ltr'>ex</span> <span class='ocrx_word' id='word_1_141' title='bbox 367 1061 424 1091; x_wconf 91' lang='lat' dir='ltr'>hoc</span> <span class='ocrx_word' id='word_1_142' title='bbox 439 1063 545 1091; x_wconf 86' lang='lat' dir='ltr'>morbo</span> <span class='ocrx_word' id='word_1_143' title='bbox 561 1061 776 1096; x_wconf 73' lang='lat' dir='ltr'>convalescere,</span> <span class='ocrx_word' id='word_1_144' title='bbox 793 1060 855 1090; x_wconf 86' lang='lat' dir='ltr'>sive</span> <span class='ocrx_word' id='word_1_145' title='bbox 870 1069 936 1089; x_wconf 88' lang='lat' dir='ltr'>me-</span> 
     </span>
     <span class='ocr_line' id='line_1_24' title="bbox 46 1101 938 1141; baseline -0.001 -8"><span class='ocrx_word' id='word_1_146' title='bbox 46 1103 149 1133; x_wconf 85' lang='lat' dir='ltr'>dicum</span> <span class='ocrx_word' id='word_1_147' title='bbox 165 1102 346 1139; x_wconf 84' lang='lat' dir='ltr'>adhibueris,</span> <span class='ocrx_word' id='word_1_148' title='bbox 368 1105 430 1134; x_wconf 85' lang='lat' dir='ltr'>sive</span> <span class='ocrx_word' id='word_1_149' title='bbox 446 1114 518 1141; x_wconf 81' lang='lat' dir='ltr'>non,</span> <span class='ocrx_word' id='word_1_150' title='bbox 535 1104 756 1139; x_wconf 39' lang='lat' dir='ltr'>convalesces?</span> <span class='ocrx_word' id='word_1_151' title='bbox 773 1104 830 1132; x_wconf 69' lang='grc' dir='ltr'>ἃς.</span> <span class='ocrx_word' id='word_1_152' title='bbox 867 1101 938 1132; x_wconf 85' lang='lat' dir='ltr'>Hoc</span> 
     </span>
     <span class='ocr_line' id='line_1_25' title="bbox 46 1146 935 1187; baseline -0.002 -11"><span class='ocrx_word' id='word_1_153' title='bbox 46 1146 229 1187; x_wconf 77' lang='lat' dir='ltr'>sophismate</span> <span class='ocrx_word' id='word_1_154' title='bbox 243 1148 406 1177; x_wconf 85' lang='lat' dir='ltr'>utebantur</span> <span class='ocrx_word' id='word_1_155' title='bbox 418 1147 449 1176; x_wconf 90' lang='lat' dir='ltr'>in</span> <span class='ocrx_word' id='word_1_156' title='bbox 465 1146 720 1187; x_wconf 75' lang='lat' dir='ltr'>disputationibus</span> <span class='ocrx_word' id='word_1_157' title='bbox 732 1146 769 1176; x_wconf 89' lang='lat' dir='ltr'>de</span> <span class='ocrx_word' id='word_1_158' title='bbox 784 1146 935 1187; x_wconf 47' lang='lat' dir='ltr'>libertate,</span> 
     </span>
     <span class='ocr_line' id='line_1_26' title="bbox 45 1188 753 1230; baseline -0.003 -10"><span class='ocrx_word' id='word_1_159' title='bbox 45 1189 118 1220; x_wconf 87' lang='lat' dir='ltr'>sato.</span> <span class='ocrx_word' id='word_1_160' title='bbox 142 1188 191 1218; x_wconf 88' lang='lat' dir='ltr'>De</span> <span class='ocrx_word' id='word_1_161' title='bbox 207 1199 241 1219; x_wconf 89' lang='lat' dir='ltr'>eo</span> <span class='ocrx_word' id='word_1_162' title='bbox 257 1189 374 1230; x_wconf 81' lang='lat' dir='ltr'>egregie</span> <span class='ocrx_word' id='word_1_163' title='bbox 390 1189 588 1226; x_wconf 77' lang='lat' dir='ltr'>Facciolatus‚</span> <span class='ocrx_word' id='word_1_164' title='bbox 605 1199 701 1219; x_wconf 72' lang='lat' dir='ltr'>acroa-</span> <span class='ocrx_word' id='word_1_165' title='bbox 723 1191 753 1218; x_wconf 87' lang='lat'>5.</span> 
     </span>
    </p>

    <p class='ocr_par' dir='ltr' id='par_1_12' title="bbox 44 1230 936 1355">
     <span class='ocr_line' id='line_1_27' title="bbox 85 1230 934 1272; baseline -0.001 -11"><span class='ocrx_word' id='word_1_166' title='bbox 85 1237 182 1271; x_wconf 69' lang='grc' dir='ltr'>Αρειος</span> <span class='ocrx_word' id='word_1_167' title='bbox 196 1243 297 1268; x_wconf 81' lang='grc' dir='ltr'><em>παγος,</em></span> <span class='ocrx_word' id='word_1_168' title='bbox 319 1233 512 1272; x_wconf 78' lang='lat' dir='ltr'>Areopagus,</span> <span class='ocrx_word' id='word_1_169' title='bbox 522 1242 615 1270; x_wconf 76' lang='lat' dir='ltr'>rupes</span> <span class='ocrx_word' id='word_1_170' title='bbox 628 1233 768 1267; x_wconf 74' lang='lat' dir='ltr'>Martia,</span> <span class='ocrx_word' id='word_1_171' title='bbox 779 1230 833 1261; x_wconf 90' lang='lat' dir='ltr'>ubi</span> <span class='ocrx_word' id='word_1_172' title='bbox 845 1240 934 1260; x_wconf 87' lang='lat' dir='ltr'>sena-</span> 
     </span>
     <span class='ocr_line' id='line_1_28' title="bbox 44 1273 936 1315; baseline -0.003 -9"><span class='ocrx_word' id='word_1_173' title='bbox 44 1282 94 1306; x_wconf 81' lang='lat' dir='ltr'>tus</span> <span class='ocrx_word' id='word_1_174' title='bbox 108 1273 304 1304; x_wconf 84' lang='lat' dir='ltr'>Atheniensis</span> <span class='ocrx_word' id='word_1_175' title='bbox 320 1276 533 1311; x_wconf 80' lang='lat' dir='ltr'>conveniebat;</span> <span class='ocrx_word' id='word_1_176' title='bbox 550 1274 632 1304; x_wconf 85' lang='lat' dir='ltr'>unde</span> <span class='ocrx_word' id='word_1_177' title='bbox 645 1280 674 1304; x_wconf 86' lang='lat' dir='ltr'>et</span> <span class='ocrx_word' id='word_1_178' title='bbox 688 1285 743 1315; x_wconf 85' lang='lat' dir='ltr'>pro</span> <span class='ocrx_word' id='word_1_179' title='bbox 753 1279 859 1304; x_wconf 83' lang='lat' dir='ltr'>senatu</span> <span class='ocrx_word' id='word_1_180' title='bbox 870 1273 936 1314; x_wconf 86' lang='lat' dir='ltr'>ipso</span> 
     </span>
     <span class='ocr_line' id='line_1_29' title="bbox 46 1316 417 1355; baseline 0 -7"><span class='ocrx_word' id='word_1_181' title='bbox 46 1318 168 1354; x_wconf 79' lang='lat' dir='ltr'>dicitur,</span> <span class='ocrx_word' id='word_1_182' title='bbox 182 1316 220 1346; x_wconf 84' lang='lat' dir='ltr'>ad</span> <span class='ocrx_word' id='word_1_183' title='bbox 236 1317 301 1348; x_wconf 82' lang='lat' dir='ltr'>Att.</span> <span class='ocrx_word' id='word_1_184' title='bbox 320 1317 348 1355; x_wconf 79' lang='grc' dir='ltr'>Ι,</span> <span class='ocrx_word' id='word_1_185' title='bbox 367 1319 417 1348; x_wconf 84' lang='grc'>14.</span> 
     </span>
    </p>

    <p class='ocr_par' dir='ltr' id='par_1_13' title="bbox 46 1360 936 1486">
     <span class='ocr_line' id='line_1_30' title="bbox 86 1360 935 1399; baseline 0 -10"><span class='ocrx_word' id='word_1_186' title='bbox 86 1366 180 1398; x_wconf 84' lang='grc' dir='ltr'>Αρετη</span> <span class='ocrx_word' id='word_1_187' title='bbox 203 1369 265 1389; x_wconf 90' lang='lat' dir='ltr'>non</span> <span class='ocrx_word' id='word_1_188' title='bbox 288 1368 332 1390; x_wconf 86' lang='lat' dir='ltr'>est</span> <span class='ocrx_word' id='word_1_189' title='bbox 356 1360 495 1395; x_wconf 75' lang='grc' dir='ltr'>διὸακτον,</span> <span class='ocrx_word' id='word_1_190' title='bbox 515 1361 615 1390; x_wconf 81' lang='lat' dir='ltr'>virtus</span> <span class='ocrx_word' id='word_1_191' title='bbox 636 1371 700 1391; x_wconf 79' lang='lat' dir='ltr'>non</span> <span class='ocrx_word' id='word_1_192' title='bbox 718 1365 761 1390; x_wconf 79' lang='lat' dir='ltr'>est</span> <span class='ocrx_word' id='word_1_193' title='bbox 780 1369 840 1398; x_wconf 72' lang='lat' dir='ltr'>res,</span> <span class='ocrx_word' id='word_1_194' title='bbox 865 1369 935 1399; x_wconf 72' lang='lat' dir='ltr'>quse</span> 
     </span>
     <span class='ocr_line' id='line_1_31' title="bbox 46 1402 936 1443; baseline -0.002 -9"><span class='ocrx_word' id='word_1_195' title='bbox 46 1404 129 1435; x_wconf 79' lang='lat' dir='ltr'>tradi</span> <span class='ocrx_word' id='word_1_196' title='bbox 151 1408 181 1432; x_wconf 77' lang='lat' dir='ltr'>et</span> <span class='ocrx_word' id='word_1_197' title='bbox 206 1404 307 1433; x_wconf 84' lang='lat' dir='ltr'>doceri</span> <span class='ocrx_word' id='word_1_198' title='bbox 326 1404 436 1443; x_wconf 78' lang='lat' dir='ltr'>possit,</span> <span class='ocrx_word' id='word_1_199' title='bbox 459 1403 498 1433; x_wconf 86' lang='lat' dir='ltr'>ad</span> <span class='ocrx_word' id='word_1_200' title='bbox 516 1404 586 1434; x_wconf 85' lang='lat' dir='ltr'>Att.</span> <span class='ocrx_word' id='word_1_201' title='bbox 605 1403 649 1441; x_wconf 80' lang='lat' dir='ltr'>X,</span> <span class='ocrx_word' id='word_1_202' title='bbox 677 1403 725 1433; x_wconf 80' lang='lat'>12.</span> <span class='ocrx_word' id='word_1_203' title='bbox 746 1402 785 1432; x_wconf 86' lang='lat' dir='ltr'>de</span> <span class='ocrx_word' id='word_1_204' title='bbox 807 1412 869 1443; x_wconf 93' lang='lat' dir='ltr'>quo</span> <span class='ocrx_word' id='word_1_205' title='bbox 891 1408 936 1433; x_wconf 78' lang='lat' dir='ltr'>est</span> 
     </span>
     <span class='ocr_line' id='line_1_32' title="bbox 48 1445 412 1486; baseline -0.003 -9"><span class='ocrx_word' id='word_1_206' title='bbox 48 1445 202 1477; x_wconf 74' lang='lat' dir='ltr'>AEschinis</span> <span class='ocrx_word' id='word_1_207' title='bbox 218 1445 369 1486; x_wconf 86' lang='lat' dir='ltr'>Dialogus</span> <span class='ocrx_word' id='word_1_208' title='bbox 385 1446 412 1476; x_wconf 90' lang='lat' dir='ltr'>I.</span> 
     </span>
    </p>

    <p class='ocr_par' dir='ltr' id='par_1_14' title="bbox 44 1487 937 1615">
     <span class='ocr_line' id='line_1_33' title="bbox 86 1487 935 1528; baseline -0.002 -9"><span class='ocrx_word' id='word_1_209' title='bbox 86 1496 144 1528; x_wconf 75' lang='grc' dir='ltr'>Αρη</span> <span class='ocrx_word' id='word_1_210' title='bbox 161 1500 262 1523; x_wconf 70' lang='lat' dir='ltr'>meum,</span> <span class='ocrx_word' id='word_1_211' title='bbox 275 1490 408 1519; x_wconf 77' lang='lat' dir='ltr'>Martem</span> <span class='ocrx_word' id='word_1_212' title='bbox 425 1490 558 1528; x_wconf 80' lang='lat' dir='ltr'>spirans,</span> <span class='ocrx_word' id='word_1_213' title='bbox 569 1489 607 1519; x_wconf 88' lang='lat' dir='ltr'>de</span> <span class='ocrx_word' id='word_1_214' title='bbox 624 1488 660 1519; x_wconf 86' lang='lat' dir='ltr'>iis</span> <span class='ocrx_word' id='word_1_215' title='bbox 670 1487 790 1526; x_wconf 78' lang='lat' dir='ltr'>dieitur,</span> <span class='ocrx_word' id='word_1_216' title='bbox 803 1487 857 1528; x_wconf 87' lang='lat' dir='ltr'>qui</span> <span class='ocrx_word' id='word_1_217' title='bbox 868 1487 935 1527; x_wconf 85' lang='lat' dir='ltr'>ipso</span> 
     </span>
     <span class='ocr_line' id='line_1_34' title="bbox 46 1529 937 1573; baseline -0.004 -10"><span class='ocrx_word' id='word_1_218' title='bbox 46 1533 134 1563; x_wconf 86' lang='lat' dir='ltr'>vultu</span> <span class='ocrx_word' id='word_1_219' title='bbox 157 1530 365 1562; x_wconf 82' lang='lat' dir='ltr'>crudelitatem</span> <span class='ocrx_word' id='word_1_220' title='bbox 389 1532 525 1573; x_wconf 82' lang='lat' dir='ltr'>aliquam</span> <span class='ocrx_word' id='word_1_221' title='bbox 547 1538 577 1562; x_wconf 86' lang='lat' dir='ltr'>et</span> <span class='ocrx_word' id='word_1_222' title='bbox 597 1531 741 1562; x_wconf 85' lang='lat' dir='ltr'>saevitiam</span> <span class='ocrx_word' id='word_1_223' title='bbox 758 1541 820 1571; x_wconf 87' lang='lat' dir='ltr'>prae</span> <span class='ocrx_word' id='word_1_224' title='bbox 839 1541 869 1560; x_wconf 89' lang='lat' dir='ltr'>se</span> <span class='ocrx_word' id='word_1_225' title='bbox 892 1529 937 1560; x_wconf 87' lang='lat' dir='ltr'>fe-</span> 
     </span>
     <span class='ocr_line' id='line_1_35' title="bbox 44 1573 901 1615; baseline -0.005 -9"><span class='ocrx_word' id='word_1_226' title='bbox 44 1580 127 1611; x_wconf 83' lang='lat' dir='ltr'>runt,</span> <span class='ocrx_word' id='word_1_227' title='bbox 143 1573 182 1604; x_wconf 86' lang='lat' dir='ltr'>ad</span> <span class='ocrx_word' id='word_1_228' title='bbox 197 1573 260 1611; x_wconf 87' lang='lat' dir='ltr'>Qu.</span> <span class='ocrx_word' id='word_1_229' title='bbox 277 1575 329 1605; x_wconf 87' lang='lat' dir='ltr'>Fr.</span> <span class='ocrx_word' id='word_1_230' title='bbox 346 1573 411 1611; x_wconf 77' lang='grc' dir='ltr'>ΙΙΙ,</span> <span class='ocrx_word' id='word_1_231' title='bbox 428 1578 458 1605; x_wconf 82' lang='grc'>4.</span> <span class='ocrx_word' id='word_1_232' title='bbox 481 1576 533 1606; x_wconf 84' lang='lat' dir='ltr'>Ex</span> <span class='ocrx_word' id='word_1_233' title='bbox 546 1574 685 1615; x_wconf 85' lang='lat' dir='ltr'>AEschyli</span> <span class='ocrx_word' id='word_1_234' title='bbox 699 1573 811 1614; x_wconf 86' lang='lat' dir='ltr'>Agam.</span> <span class='ocrx_word' id='word_1_235' title='bbox 827 1573 901 1608; x_wconf 82' lang='lat'><strong>337.</strong></span> 
     </span>
    </p>

    <p class='ocr_par' dir='ltr' id='par_1_15' title="bbox 46 1617 947 1787">
     <span class='ocr_line' id='line_1_36' title="bbox 89 1617 938 1659; baseline -0.004 -12"><span class='ocrx_word' id='word_1_236' title='bbox 89 1622 240 1657; x_wconf 73' lang='grc' dir='ltr'><em>Αριστεια,</em></span> <span class='ocrx_word' id='word_1_237' title='bbox 266 1618 615 1659; x_wconf 78' lang='lat' dir='ltr'>praeclarumfacinus,</span> <span class='ocrx_word' id='word_1_238' title='bbox 634 1617 760 1657; x_wconf 85' lang='lat' dir='ltr'>dignum</span> <span class='ocrx_word' id='word_1_239' title='bbox 785 1627 938 1655; x_wconf 69' lang='grc' dir='ltr'><em>αριστειῳ,</em></span> 
     </span>
     <span class='ocr_line' id='line_1_37' title="bbox 46 1658 938 1702; baseline -0.004 -12"><span class='ocrx_word' id='word_1_240' title='bbox 46 1661 78 1691; x_wconf 90' lang='lat' dir='ltr'>h.</span> <span class='ocrx_word' id='word_1_241' title='bbox 94 1670 120 1690; x_wconf 89' lang='lat' dir='ltr'>e.</span> <span class='ocrx_word' id='word_1_242' title='bbox 130 1658 268 1700; x_wconf 71' lang='lat' dir='ltr'>praemio,</span> <span class='ocrx_word' id='word_1_243' title='bbox 279 1661 362 1702; x_wconf 85' lang='lat' dir='ltr'>quod</span> <span class='ocrx_word' id='word_1_244' title='bbox 373 1661 438 1692; x_wconf 83' lang='lat' dir='ltr'>dari</span> <span class='ocrx_word' id='word_1_245' title='bbox 450 1662 526 1692; x_wconf 71' lang='lat' dir='ltr'>solet</span> <span class='ocrx_word' id='word_1_246' title='bbox 536 1661 573 1692; x_wconf 82' lang='lat' dir='ltr'>iis</span> <span class='ocrx_word' id='word_1_247' title='bbox 583 1660 637 1701; x_wconf 90' lang='lat' dir='ltr'>qui</span> <span class='ocrx_word' id='word_1_248' title='bbox 650 1670 859 1699; x_wconf 78' lang='grc' dir='ltr'><em>αριστευουσιν,</em></span> <span class='ocrx_word' id='word_1_249' title='bbox 869 1658 902 1687; x_wconf 87' lang='lat' dir='ltr'>h.</span> <span class='ocrx_word' id='word_1_250' title='bbox 913 1667 938 1686; x_wconf 87' lang='lat' dir='ltr'>e.</span> 
     </span>
     <span class='ocr_line' id='line_1_38' title="bbox 47 1700 940 1744; baseline -0.003 -12"><span class='ocrx_word' id='word_1_251' title='bbox 47 1713 113 1733; x_wconf 85' lang='lat' dir='ltr'>rem</span> <span class='ocrx_word' id='word_1_252' title='bbox 127 1701 303 1742; x_wconf 67' lang='lat' dir='ltr'>praeclaram</span> <span class='ocrx_word' id='word_1_253' title='bbox 320 1708 439 1744; x_wconf 82' lang='lat' dir='ltr'>gerunt.</span> <span class='ocrx_word' id='word_1_254' title='bbox 461 1709 625 1743; x_wconf 71' lang='grc' dir='ltr'><em>Αριστειαν,</em></span> <span class='ocrx_word' id='word_1_255' title='bbox 645 1702 684 1732; x_wconf 87' lang='lat' dir='ltr'>ad</span> <span class='ocrx_word' id='word_1_256' title='bbox 694 1701 762 1732; x_wconf 81' lang='lat' dir='ltr'>Att.</span> <span class='ocrx_word' id='word_1_257' title='bbox 778 1700 873 1737; x_wconf 72' lang='lat' dir='ltr'>XIV,</span> <span class='ocrx_word' id='word_1_258' title='bbox 888 1703 940 1735; x_wconf 80' lang='grc'>16,</span> 
     </span>
     <span class='ocr_line' id='line_1_39' title="bbox 52 1742 947 1787; baseline -0.008 -7"><span class='ocrx_word' id='word_1_259' title='bbox 52 1744 187 1787; x_wconf 77' lang='lat' dir='ltr'>appellat</span> <span class='ocrx_word' id='word_1_260' title='bbox 206 1744 378 1779; x_wconf 85' lang='lat' dir='ltr'>Dolabellae</span> <span class='ocrx_word' id='word_1_261' title='bbox 398 1756 458 1780; x_wconf 84' lang='lat' dir='ltr'>eos.</span> <span class='ocrx_word' id='word_1_262' title='bbox 481 1746 608 1784; x_wconf 79' lang='lat' dir='ltr'>facinus,</span> <span class='ocrx_word' id='word_1_263' title='bbox 626 1755 697 1776; x_wconf 85' lang='lat' dir='ltr'>cum</span> <span class='ocrx_word' id='word_1_264' title='bbox 716 1745 892 1775; x_wconf 85' lang='lat' dir='ltr'>columnam</span> <span class='ocrx_word' id='word_1_265' title='bbox 916 1742 947 1772; x_wconf 77' lang='lat' dir='ltr'>in</span> 
     </span>
    </p>
   </div>
  </div>
 </body>
</html>
