1137 1848
335 64 483 95 INDEX
506 63 679 95 LEGUM.
919 68 956 95 17

78 147 165 179 Orat.
189 148 206 179 Ι
228 150 260 179 in
275 149 403 181 Verrem
416 162 425 187 .·,
451 156 480 180 et
505 156 549 180 est
573 150 639 180 Lex
664 151 792 180 ssletella
810 161 858 190 ap.
875 151 957 181 Plin.

77 191 220 230 XXXV,
248 194 284 224 17
298 203 308 229 ;
343 194 396 224 ubi
420 200 522 223 tamen
548 193 700 233 corrigunt
725 195 857 223 Metilia.
885 193 914 224 V
917 194 957 223 id.

78 233 228 264 Harduin.
252 235 290 265 ad
304 235 324 265 L
341 246 366 266 c.

123 278 217 307 Coetia
238 279 419 309 Tabellaria.
444 277 515 308 Vid.
538 279 721 308 Tabellariae
736 279 825 317 leges.

122 320 274 350 Corneliae
289 321 394 362 Leges.
428 321 478 352 De
495 322 542 352 his
564 332 590 351 v.
614 322 758 362 Pighium
775 322 813 351 ad
825 321 865 352 A.
885 322 959 354 672.

77 360 174 402 Apud
194 362 369 394 Ciceronem
386 364 433 394 hae
448 370 607 394 occurrunt
621 376 628 393 :

122 405 264 436 Cornelia
281 408 319 437 L.
339 408 471 438 Cornelii
489 408 585 437 Sullae
596 409 632 437 cle
647 406 954 447 sententidferemld.

78 446 126 477 ΕΞ
140 456 262 479 cautum
278 456 351 487 erat,
368 456 413 487 ut,
430 457 593 490 antequam
608 451 710 487 iretur,
727 450 815 480 causi
826 451 956 491 cognita,

77 489 109 519 in
124 492 293 529 consilium,
318 493 459 533 quaesitor
473 493 666 533 interrogaret
682 503 779 530 reum,
802 494 903 533 palam
919 504 958 524 an

75 542 129 573 per
143 534 260 565 tabulas
274 535 364 565 vellet
379 536 538 566 sententias
553 535 632 565 ferri.
662 536 713 566 Ex
732 536 920 566 Cluentianae
934 547 958 566 c.

75 577 128 611 20,
144 576 333 618 intelligitur,
349 588 416 608 eam
434 579 531 618 legem
555 578 682 608 valuisse
705 579 803 608 adhuc
826 585 959 619 tempore

75 618 198 649 celebris
207 620 288 650 illius
297 620 403 660 judicii
414 621 435 651 J
439 620 559 656 uniani;
575 622 667 662 paulo
682 628 749 662 post
761 628 874 659 autem,
887 632 958 652 cum

77 660 182 692 Cicero
205 661 383 694 Cluentium
401 663 582 702 defenderet,
604 665 768 694 obsoletam
787 664 890 702 fuisse,
907 674 959 694 ne-

77 714 137 744 que
151 705 282 745 amplius
297 707 493 737 observatam.

123 748 266 778 Cornelia
282 751 459 789 Jude'ciaria
485 749 640 788 ejusdem3
666 749 728 790 qua
745 749 859 789 judicia
874 749 957 790 equi-

77 788 158 836 tibus
169 790 289 822 ademta
304 797 333 822 et
343 792 459 823 senatui
470 792 607 823 restituta
621 799 700 823 sunt.
724 794 836 823 Ascon.
852 793 882 822 in
901 793 958 823 Di-

76 838 168 862 vmat.

122 875 266 906 Cornelia
282 879 350 918 (pro
366 878 488 909 Cluent.
503 888 527 908 c.
545 877 600 917 56)
617 878 750 917 ejusdem
763 878 856 909 Sunae
867 884 910 908 est
920 879 957 908 (Ie

75 919 242 959 veneficiis,
259 930 327 961 quae
339 928 407 951 ante
419 923 602 960 Sempronia
615 921 682 951 fuit.
704 922 752 952 Εὲι
763 928 884 951 cautum
901 928 955 958 est,

74 960 174 1000 primo
189 962 227 992 de
241 962 362 1002 sicariis,
378 964 485 994 deinde
496 964 533 994 de
544 964 702 1001 veneficiis,
716 964 753 994 de
769 964 956 1001 coitionibus,

74 1001 113 1032 de
131 1003 217 1042 falso,
235 1005 291 1036 &c-
307 1012 341 1036 ut
354 1007 532 1047 quaestiones
547 1007 687 1047 capitales
702 1007 883 1037 haberentur
896 1017 905 1042 ς
930 1013 959 1036 et

74 1054 163 1085 poena
190 1047 238 1077 his
261 1050 422 1079 constituta
447 1055 490 1079 est
516 1056 544 1079 et
569 1049 734 1089 deportatio
755 1056 783 1079 et
807 1051 955 1079 bonorum

74 1089 259 1161 ggzscriptio.
282 1091 355 1122 Vid.
380 1092 483 1133 Sigon.
500 1092 537 1123 de
553 1092 693 1130 Judiciis,
710 1093 758 1130 ΙΙ,
785 1093 836 1123 31.
860 1103 889 1133 p.
915 1102 955 1122 m.

121 1175 265 1207 Cornelia
279 1178 317 1207 de
325 1179 520 1217 proscriptis,
533 1178 667 1217 ejusdem
679 1189 688 1215 ;
706 1178 777 1218 quii,
793 1178 870 1207 inter
885 1177 954 1216 alia,

73 1225 200 1248 cautum
220 1226 275 1259 est,
298 1230 337 1250 ne
352 1221 419 1261 quis
438 1221 638 1262 proscriptum
662 1222 792 1260 juvaret,
818 1220 905 1260 (Vid.
925 1221 956 1250 in

75 1259 163 1290 Verr.
180 1261 229 1300 ΙΙ,
245 1273 269 1293 c.
286 1264 342 1301 47)
367 1270 402 1293 ut
416 1264 648 1305 proscriptorum
671 1265 751 1294 bona
769 1264 903 1294 venirent
918 1263 956 1293 ad

76 1301 201 1334 Calend.
217 1305 339 1343 Junias,
356 1312 385 1336 et
400 1307 432 1337 in
447 1308 528 1337 tabb.
545 1308 681 1347 publicas
696 1307 735 1337 ad
749 1306 887 1337 aerarium
905 1316 956 1346 pe-

76 1345 165 1376 cunia
175 1347 294 1379 redacta
308 1349 482 1380 referretur:
503 1351 570 1390 (pro
580 1350 668 1380 Rosc.
682 1350 788 1380 Amet.
801 1360 824 1379 c.
838 1350 890 1386 43,
902 1350 953 1383 44,

76 1389 151 1428 Agr.
168 1389 233 1428 ΙΙΙ,
257 1392 304 1430 3.)
329 1391 367 1422 In
382 1393 498 1431 eodem,
511 1399 545 1422 ut
560 1392 676 1433 opinor,
692 1393 758 1433 lege
773 1392 842 1429 fuit,
859 1398 893 1421 ut
908 1391 954 1427 iis,

74 1431 130 1471 qui
152 1442 221 1463 suas
235 1440 334 1475 partes
351 1434 383 1465 in
401 1436 480 1466 bello
503 1436 596 1466 secuti
617 1442 725 1473 essent,
741 1435 867 1465 honores
889 1440 957 1463 ante

77 1478 197 1515 tempus
211 1476 382 1517 legitimum
394 1488 498 1519 capere
511 1479 621 1509 liceret.
652 1478 747 1508 Acad.
765 1478 826 1514 lv,
846 1478 872 1507 1.
896 1476 954 1507 Sed

76 1516 143 1547 aliis
171 1519 279 1559 placet,
309 1521 491 1561 peculiarem
525 1522 623 1562 legem
656 1523 692 1552 de
722 1521 954 1560 magistratibus

77 1558 187 1597 fuisse3
211 1562 293 1602 quod
302 1564 403 1604 ipsum
415 1574 476 1594 non
491 1564 666 1595 absurdum.

120 1604 263 1635 Cornelia
291 1607 551 1646 Testamentarm,
576 1614 678 1638 contra
705 1612 951 1637 testamentorum

73 1646 252 1685 subjectores
261 1655 291 1679 et
299 1657 495 1690 corruptores,
507 1651 539 1680 in
551 1651 637 1681 verr.
652 1650 700 1687 ΙΙ,
713 1652 763 1680 42.
780 1649 839 1680 Sed
848 1648 952 1679 eadem

72 1687 145 1719 item
160 1690 219 1721 alia
232 1701 341 1732 genera
352 1693 418 1723 falsi
430 1694 587 1735 complexa
598 1699 662 1729 est3
686 1693 766 1723 unde
781 1698 810 1722 et
825 1692 952 1730 defalso

71 1729 219 1765 laudatur.
244 1735 283 1766 V.
300 1735 366 1767 Jul.
380 1736 471 1769 Pauli
482 1742 590 1778 recept.
602 1736 828 1773 sententiarum,
840 1735 891 1766 lib.
907 1733 948 1770 V,

683 1789 700 1809 c
719 1781 737 1808 ο·
