1137 1848
293 75 444 106 INDEX
467 74 752 107 HISTORICUS.
904 78 967 109 395

128 162 264 201 Trypho,
280 160 349 191 Att.
371 161 438 199 III,
455 162 487 191 8.
509 161 548 191 ad
568 161 641 192 Div.
663 161 766 200 XIII,
785 164 839 192 61.
854 169 897 193 est
912 174 967 194 no-

82 213 153 234 men
169 204 284 234 servile.

124 247 165 276 L.
187 248 315 283 Tubero,
332 257 369 277 ex
380 246 480 277 AEliis.
498 247 602 287 Ligar.
616 247 645 282 7.
663 257 732 277 cum
748 248 891 278 Cicerone
906 250 969 280 un&⁴

81 288 166 319 domi
188 289 334 327 eruditus,
354 296 421 330 post
437 290 546 324 affinis,
567 289 599 319 in
615 290 698 319 omni
714 290 776 320 vita
800 291 968 332 familiaris,

82 332 140 362 &c.
164 332 269 362 Plane.
284 335 336 363 41.
355 332 394 362 ad
410 332 450 369 Q.
468 333 519 362 Fr.
535 331 562 370 I,
578 333 605 361 1.
619 333 649 362 3.
665 332 782 373 legatus
794 333 835 371 Q.
850 334 970 365 Cicero-

80 374 127 404 nis
151 374 183 404 in
209 375 297 405 Asiffa.
331 375 456 415 Scripsit
479 375 645 405 historiam.
674 375 743 415 Lig.
766 377 795 406 8.
829 377 970 417 Sortitus,

81 417 153 447 belli
163 417 257 448 civilis
269 418 366 455 initio,
377 429 414 448 ex
425 418 508 448 SCto
518 418 656 448 Africam
666 418 863 458 provinciam,
877 431 970 460 quam

83 458 245 491 Considius
255 461 436 498 obtinuerat,
449 471 519 491 cum
532 471 597 491 eam
609 461 711 491 aVaro
718 462 783 499 jam
794 469 970 503 occupatam

82 502 255 541 invenisset,
279 504 318 533 ad
340 504 399 534 Cn.
428 504 612 544 Pompeium
634 503 666 533 in
699 503 912 535 Macedoniam
940 517 970 537 se

82 546 219 575 contulit.
254 546 425 577 Restitutus
454 552 498 577 est
526 552 594 587 post
617 557 636 576 a
657 545 788 584 Caesare,
811 557 881 577 cum
908 549 970 580 filio

82 588 212 626 Quinto,
231 589 268 619 de
284 600 344 630 quo
359 599 442 619 mox.

127 633 166 661 P.
188 633 319 669 Tubero,
336 632 376 669 Q.
396 632 431 662 F.
450 632 490 661 P.
512 632 555 662 N.
572 632 628 663 Or.
647 631 693 669 II,
710 632 762 662 84.
787 632 969 664 Africanum

83 675 270 704 avunculum
285 675 431 711 laudavit,
446 674 555 715 scripto
570 675 606 705 C.
624 675 722 705 Laelii.

132 718 166 750 Q.
196 718 326 755 Tubero,
351 718 391 755 Q.
419 718 454 747 F.
480 718 516 747 P.
539 718 582 747 N.
607 718 732 748 Muren.
757 719 808 749 36.
839 719 969 759 Stoicus,

82 759 223 790 Africani
238 761 345 790 sororis
360 760 460 796 filius,
486 761 550 799 ejus
565 771 734 801 perversam
745 762 924 802 sapientiam
938 764 971 793 in

82 801 188 833 funere
211 803 350 833 Africani
375 813 453 843 aegre
482 803 540 833 fert
565 804 698 844 populus
711 815 720 840 ς
754 811 972 846 proptereaque

83 845 216 885 praeturiz
232 846 353 876 excidit.
376 846 466 876 Brut.
491 849 542 877 31.
562 846 594 875 in
610 846 802 877 triumviratu
823 847 971 886 judicavit

83 893 187 918 contra
212 889 398 919 avunculum
423 889 618 919 Africanum.
656 889 734 927 Ejus
763 890 910 920 orationes
940 891 971 921 in

85 929 268 961 Gracchum.
292 932 344 961 Ex
358 931 389 961 h.
406 931 426 961 l.
443 931 557 971 colligit
568 931 707 972 Pighius,
721 942 791 962 eum
807 933 876 962 trib.
889 934 970 973 pleb.

86 973 126 1002 A.
148 974 210 1003 620
225 974 326 1004 fuisse.
349 974 398 1004 Cf.
415 974 452 1004 de
467 974 523 1005 Or.
546 973 612 1011 III,
630 977 680 1004 21.
697 975 736 1005 ad
751 978 819 1005 Att.
838 974 899 1013 IV,
921 977 968 1007 16.

86 1015 135 1045 De
150 1023 234 1056 patre
248 1017 416 1058 utriusque.
431 1017 469 1046 L.
483 1017 573 1047 Pauli
583 1027 704 1056 genero,
721 1029 749 1049 v.
762 1018 911 1057 Plinium,
926 1019 960 1049 H
972 1041 979 1048 .

85 1057 128 1088 N.
144 1059 314 1097 XXXIII,
332 1063 379 1090 ll.
403 1058 473 1089 vai.
490 1059 539 1089 M.
557 1058 617 1097 IV,
631 1061 660 1089 4.

132 1103 167 1135 Q.
185 1103 318 1138 Tubero,
335 1103 373 1133 L.
391 1101 426 1132 F.
441 1102 544 1142 Ligar.
559 1105 585 1132 l.
599 1113 660 1143 seq.
677 1106 795 1131 accusat
811 1101 971 1144 Ligarium

85 1143 124 1174 de
138 1144 178 1174 vi.
203 1144 241 1174 In
261 1145 340 1175 bello
359 1145 439 1175 civili
461 1145 644 1185 Pompeium
665 1154 735 1175 cum
754 1150 837 1184 patre
853 1154 972 1178 secutus

85 1192 140 1224 est,
157 1195 224 1227 post
239 1199 256 1218 a
268 1187 387 1219 Caesare
401 1187 566 1218 restitutus.
589 1188 671 1218 Cum
686 1187 717 1216 in
734 1187 823 1217 causa&
836 1188 976 1230 Ligaria-

87 1229 128 1259 na
143 1240 204 1260 non
219 1231 348 1268 vicisset,
365 1231 403 1261 ad
415 1232 466 1269 jus
481 1230 567 1260 civile
583 1240 614 1260 se
629 1229 765 1260 contulit.

132 1273 174 1302 P.
206 1274 369 1311 Tubertus,
397 1284 413 1303 e
432 1273 608 1310 Postumiis,
633 1273 709 1312 Leg.
727 1270 774 1307 ΙΙ,
800 1275 852 1303 23.
876 1274 975 1314 primo

89 1313 206 1345 Valerii
217 1317 391 1357 Poplicolae,
404 1321 433 1346 et
442 1315 550 1346 deinde
563 1315 598 1345 M
604 1315 713 1352 enenii,
725 1314 840 1355 collega
851 1315 918 1346 fuit.
936 1317 975 1348 In

89 1356 175 1388 Urbe
195 1360 330 1399 sepultus
353 1366 419 1395 estg
451 1360 576 1399 ejusque
595 1357 706 1398 posteri
724 1357 781 1387 hoc
798 1358 848 1397 jus
870 1364 975 1391 tenue-

87 1405 168 1430 runt.

134 1445 173 1473 L.
195 1445 348 1482 Tubulus,
362 1454 399 1474 ex
412 1443 563 1481 Hostiliis,
588 1442 657 1473 Fin.
673 1442 719 1479 II,
739 1443 787 1472 16.
810 1449 930 1483 praetor,
947 1451 977 1476 et

90 1486 215 1525 quidem
232 1489 281 1529 (ut
297 1494 341 1518 est
355 1487 422 1517 Att.
438 1485 519 1523 XII,
532 1490 575 1523 5.)
589 1486 626 1515 L.
640 1486 768 1516 Metello
783 1491 812 1515 et
828 1486 868 1524 Q.
879 1486 976 1518 Max—

90 1527 154 1559 imo
168 1540 242 1560 coss.
258 1530 288 1560 h.
305 1541 330 1560 e.
346 1531 388 1560 A.
406 1530 445 1560 U.
463 1530 534 1559 611.
559 1529 706 1559 Pecunias
721 1528 801 1569 capit
811 1529 850 1559 ob
865 1539 910 1560 res
923 1531 976 1569 ju-

92 1571 255 1609 dicandas;
280 1578 320 1611 et,
333 1572 451 1603 decreti».
466 1572 503 1601 de
519 1572 555 1602 eii
570 1582 601 1602 re
616 1571 791 1612 quaestione,
812 1571 900 1612 fugit.
925 1574 976 1604 Cf.

92 1613 166 1644 ibid.
184 1614 244 1654 IV,
257 1617 308 1646 28.
333 1615 375 1651 V,
393 1619 444 1646 22.
467 1615 540 1645 Nat.
557 1614 598 1644 D.
618 1615 645 1650 Ι7
659 1618 710 1645 523.
724 1613 791 1650 III,
808 1614 860 1644 30.
880 1615 917 1644 fr.
933 1626 977 1646 or.

91 1667 123 1697 p.
139 1658 242 1690 Scaur.
260 1660 317 1690 &c.
338 1659 475 1689 Perizon.
489 1658 584 1698 Triga
599 1657 680 1687 Diss.
695 1667 725 1698 p.
743 1659 812 1687 152.
828 1662 902 1687 extr.
915 1668 978 1689 cre-

93 1699 138 1730 dit
152 1711 215 1731 esse
225 1708 366 1743 nepotem
379 1701 415 1732 C.
429 1700 555 1732 Hostilii
567 1700 695 1737 Tubuli,
707 1699 842 1740 praetoris
857 1702 924 1731 urb.
936 1701 976 1732 A.

96 1744 177 1780 544;
199 1746 286 1784 cujus
302 1745 442 1786 frequens
458 1743 571 1775 mentio
586 1753 634 1784 ap.
655 1742 723 1773 Liv.
740 1740 889 1781 XXVII,
911 1754 977 1785 sqq.
