1137 1848
322 71 474 103 INDEX
497 72 783 107 HISTORICUS.
929 75 993 110 267

156 156 198 188 L
214 156 380 195 Lentulus,
397 157 476 188 Har.
498 157 539 188 R.
555 159 584 189 6.
607 158 717 190 flamen
735 160 898 191 Martialis.
921 160 996 191 Vat-

113 199 163 230 10.
179 200 356 240 competitor
379 200 525 231 Gabinii
518 211 549 230 m
570 203 750 240 consulatu,
774 204 861 243 cujus
885 203 996 237 (Gabi-

110 241 167 279 nii)
181 242 307 281 juvandi
322 243 412 273 causa
432 243 575 274 Vatinius
599 255 669 274 eum
690 246 861 294 opprimere
884 246 996 283 studet,

106 285 191 323 jusso
206 295 246 315 sc.
263 285 366 316 Vettio
381 296 450 316 eum
463 286 494 316 in
507 287 647 317 concione
662 288 818 318 nominare
833 288 910 319 inter
925 299 998 319 con-

106 328 231 366 juratos.
256 328 350 359 Hunc
365 328 515 359 diversum
531 339 594 360 esse
604 341 622 360 a
636 336 779 370 sequente
794 331 831 360 L.
849 331 995 379 Lentulo,

110 369 181 400 inde
196 370 311 401 clarum
326 377 381 409 est,
397 371 479 412 quod
494 371 545 402 ille
560 374 737 413 competitor
751 373 810 403 fuit
825 373 972 404 Gabinii
964 383 997 403 m

110 413 283 451 consulatu,
300 413 350 444 hic
364 421 474 455 praetor
490 414 621 446 Gabinio
637 416 768 446 consule.

154 455 191 485 L.
206 457 362 487 Lentulus
380 459 467 495 Crus,
484 457 591 487 Pison.
610 462 662 490 31.
683 464 803 499 praetor,
822 458 953 489 Gabinio
968 464 998 489 et

111 496 222 528 Pisone
236 509 308 529 coss.
325 500 364 529 ad
380 499 454 530 Div.
471 499 570 538 VIII,
586 502 616 530 4.
633 502 785 541 repulsam
801 501 881 531 fert
873 511 904 531 111
920 502 998 541 peti-

109 540 191 571 tione
206 543 401 572 consulatus·
392 565 401 579 ‚
425 548 494 584 post
519 544 623 573 consul
639 544 673 574 fit
693 554 763 574 cum
783 544 818 574 C.
834 544 996 582 Marcello,

109 583 153 614 A.
178 584 250 618 704.
276 584 314 615 ad
340 585 414 615 Div.
440 585 522 623 XII,
551 586 599 615 14.
623 586 654 616 111
675 586 750 627 fuga
774 586 999 624 Pharsalica,a

112 625 241 657 Rhodiis
261 637 322 657 non
345 628 497 669 recipitur.
518 628 556 658 ad
580 629 652 659 Div
669 628 730 667 VI,
756 632 806 660 21.
824 629 903 659 bello
919 629 1000 659 civili

109 668 231 699 interiit.
257 670 347 699 Brut.
367 671 417 706 77.
437 670 535 710 qualis
555 677 654 702 orator
677 672 778 702 fuerit.
802 671 914 702 Multis
929 671 997 701 aliis

108 710 181 741 locis
199 722 310 742 nomen
332 713 397 751 ejus
417 713 589 750 invenitur-3
613 725 641 744 v.
667 724 694 745 c.
718 714 757 745 ad
778 714 851 745 Div.
875 714 920 752 X,
943 717 996 745 32

108 751 176 783 Att.
195 754 259 793 XI,
276 755 305 785 6.
321 756 377 785 &a

152 797 193 827 L.
210 798 376 835 Lentulus,
399 798 438 828 L.
455 798 492 828 F.
508 798 547 829 ad
561 798 629 829 Att.
642 798 702 837 IV,
721 800 771 830 l6.
788 798 999 840 praevaricator

110 845 236 880 putatur
251 841 282 869 in
295 841 408 879 judicio
423 841 599 872 Vatiniano.
622 844 691 872 Att.
708 842 790 880 XII,
806 843 836 877 7.

154 883 197 913 P.
215 884 380 921 Lentulus,
397 884 487 914 Brut.
506 886 554 915 19.
566 894 604 922 is,
615 885 732 925 qu1,A
746 885 790 916 U.
803 885 877 921 517,
893 884 1000 914 consul

111 923 180 954 fuit.
206 925 328 956 Dicitur
343 926 424 956 enim
439 926 580 967 grandior
594 933 668 957 natu
683 927 776 958 fuisse
790 937 860 958 cum
882 927 998 958 Catone

111 967 272 999 Censorio.
298 969 477 1009 cognomine
492 969 659 1000 Caudinus.

156 1013 195 1041 P.
222 1012 390 1050 Lentulus,
416 1012 453 1050 is,
480 1013 534 1052 qui
562 1012 702 1052 princeps
727 1014 848 1043 senatus
874 1011 943 1042 fuit.
968 1011 1000 1041 in

114 1053 219 1084 caecil.
237 1058 288 1085 21.
305 1061 424 1085 accusat
435 1054 581 1084 Manium
592 1055 779 1095 Aquillium.
794 1055 869 1095 Agr.
883 1053 930 1092 ΙΙ,
946 1055 1000 1085 30.

112 1096 245 1127 mittitur
259 1108 277 1128 a
292 1102 397 1127 senatu
420 1097 452 1127 in
470 1096 684 1137 Campaniam,
706 1104 741 1127 ut
755 1108 841 1138 agros
857 1097 1002 1137 privatos,

113 1139 168 1180 qui
182 1139 213 1169 in
229 1140 386 1180 publicum
401 1140 598 1178 incurrerent,
616 1146 737 1170 emeret.
760 1141 850 1171 Brut.
864 1141 916 1169 ³8.
931 1140 1003 1170 satis

113 1181 160 1212 elo
162 1183 293 1222 quentiae
307 1182 427 1219 habuit,
443 1183 526 1223 quod
538 1182 576 1212 ad
592 1193 688 1223 remp.
702 1193 778 1223 opus
793 1188 877 1213 esset.
900 1181 988 1213 Or.I
993 1204 1002 1220 ,

113 1193 182 1254 48.q
190 1225 281 1255 Catil.
307 1225 375 1264 III,
400 1228 429 1255 5.
456 1225 607 1255 laudatur.
632 1225 747 1255 Consul
770 1225 831 1255 fuit
857 1225 898 1254 A.
924 1225 998 1255 591.

112 1267 263 1303 suffectus,
279 1277 350 1298 cum
373 1267 432 1298 Cn.
449 1266 599 1305 Domitio,
625 1268 660 1298 P.
676 1268 812 1309 Scipioni
836 1268 958 1298 Nasicae
971 1273 1002 1298 et

114 1309 151 1341 C.
167 1310 286 1341 Marcio
301 1310 422 1350 Figulo.

159 1354 198 1383 P.
214 1354 381 1390 Lentulus,
407 1353 445 1383 P.
470 1352 614 1393 principis
633 1353 752 1383 senatus
767 1362 870 1393 nepos,
893 1362 1004 1393 cogno-

114 1395 198 1425 mine
213 1397 309 1433 Sura,
326 1395 408 1436 quod
423 1395 504 1426 unde
524 1396 658 1433 traxerit,
676 1406 705 1426 v.
726 1396 880 1426 Plutarch.
901 1396 933 1425 in
949 1396 1003 1426 Ci-

116 1448 233 1476 cerone,
249 1449 280 1480 p.
304 1439 377 1468 868.
397 1438 487 1469 Brut.
512 1439 564 1468 64.
585 1439 636 1469 66.
661 1438 759 1478 qualis
779 1444 877 1468 orator
898 1438 1000 1469 fuerit.

116 1481 184 1511 Att.
200 1480 229 1519 I,
244 1482 293 1512 16.
307 1482 353 1511 bis
365 1481 539 1512 absolvitur.
564 1479 632 1511 Cat.
646 1480 711 1520 III,
723 1484 753 1511 2.
764 1481 902 1511 sollicitat
912 1481 1004 1511 Allo-

117 1524 247 1564 brogum
262 1524 386 1564 legatos.
406 1523 537 1561 Praetor,
558 1523 704 1556 Cicerone
718 1524 850 1563 consule,
864 1523 1004 1554 abdicare

117 1576 149 1596 se
163 1566 294 1607 praetura.
314 1567 440 1607 cogitur.
466 1567 541 1596 Jam
563 1567 666 1596 consul
688 1566 787 1596 fuerat
804 1565 848 1597 A.
868 1566 909 1596 U.
929 1567 1002 1596 682.

119 1609 191 1647 Sed,
204 1611 242 1639 ob
254 1609 424 1647 infamiam,
438 1618 532 1650 quam
546 1609 665 1639 (luobus
672 1609 792 1648 judiciis
804 1614 1004 1646 contraxerat,

119 1661 136 1681 e
150 1657 256 1682 senatu
270 1658 371 1682 motus
387 1658 449 1682 erat
463 1662 482 1681 a
507 1651 639 1682 Lentulo
655 1658 684 1682 et
700 1652 800 1682 GeUio
822 1651 1003 1681 censoribus.

121 1693 230 1735 Itaque
243 1695 376 1736 praetura
390 1694 520 1742 petenda
535 1705 708 1735 recuperare
731 1694 855 1725 locum'
847 1704 879 1723 in
897 1699 1002 1723 senatu

120 1737 237 1774 voluit;
272 1747 416 1778 eumque,
446 1736 605 1777 impetrata
634 1737 776 1778 praetura,
806 1736 1002 1777 recuperavit.
