1137 1848
292 75 441 106 INDEX
463 74 750 107 HISTORICUS.
906 75 961 110 171

76 160 159 198 Piso,
184 160 436 192 familiarissimus
462 161 598 192 Antonii.
621 160 687 199 Qui
712 161 887 191 nominatur
910 170 966 201 pro

79 204 159 234 Caec.
179 207 227 233 1‘2.
242 204 341 234 nescio
356 214 394 234 an
410 205 491 234 idem
507 205 554 235 sit.

121 248 159 277 P.
184 246 387 286 Calpurnius,
405 248 568 285 Lanarius,
589 247 678 278 Offic.
697 245 763 286 III,
782 249 831 277 16.
854 246 914 277 Sed
930 246 967 276 P.

79 289 242 320 Manutius
256 290 317 330 legi
331 291 460 328 volebat,
480 291 665 331 quiaernz'us.

121 333 157 368 Q.
177 334 378 372 Calpurnius,
403 334 491 364 Verr.
509 334 551 373 V,
568 335 619 365 49.
638 334 675 364 P.
690 332 789 364 Mutii
804 332 919 373 coUega
933 332 965 362 in

76 376 242 405 consulatu.
259 379 302 406 A.
317 378 390 406 620.

123 419 231 456 Calvo,
249 419 316 450 Att.
330 419 407 457 XV,
424 420 454 449 3.

120 463 264 499 Calvena,
288 462 354 492 Att.
370 462 468 501 XIV,
484 464 513 492 5.
533 464 563 495 9.
581 462 682 501 XVI,
702 465 750 493 11.
773 467 818 492 est
832 460 965 499 Matius,

79 503 206 536 Caesaris
221 505 346 536 amicus.

121 549 308 578 calventius.
332 548 371 579 V.
391 550 569 580 Caesoninus.

123 593 269 621 Calvinus
285 597 328 621 est
343 601 509 632 cognomen
523 591 648 622 familiae
664 590 819 621 Domitiae.

124 636 157 665 C.
179 636 347 670 Calvisius,
372 635 410 665 ad
430 635 502 665 Div.
526 635 570 671 X,
592 636 644 671 25,
662 636 713 664 26.
732 634 770 664 ad
786 633 858 663 Div.
881 632 966 669 XII,

79 679 130 707 25.
155 678 284 718 reipubl.
306 687 420 708 amans.
439 678 519 708 Phil.
539 678 606 713 111,
632 680 679 707 10.
702 676 854 713 Africam,
873 686 967 716 quam

78 726 148 750 ante
160 730 226 759 Jam
241 720 422 758 obtinuerat,
441 722 536 768 (nunc
546 726 649 750 autern
661 719 840 750 Cornificius
851 719 968 749 obtine-

78 764 143 800 bat)
160 763 298 793 sortiente
315 764 361 792 M.
378 763 527 799 Antonio,
544 763 675 793 sortitur.

125 807 251 844 Calvus,
267 806 305 836 ad
321 806 393 836 Div.
416 806 497 843 ΧΥ,
519 809 570 836 21.
587 812 697 843 orator,
710 816 728 835 a
740 805 883 836 Cicerone
898 779 968 834 Iau-

79 849 177 879 datur.
196 849 235 879 Υ.
256 851 291 880 C.
309 850 455 880 Licinius
473 850 592 879 Calvus.

124 893 249 929 Calvus,
273 891 339 922 Att.
368 893 395 929 I,
416 893 465 922 16.
479 893 648 932 appellatur
664 891 712 921 M.
732 891 869 926 Crassus,
886 889 969 930 quod

79 934 244 975 aliquando
270 937 326 965 sub
353 935 441 966 Calvi
463 936 586 965 nomine
612 935 643 964 in
667 934 806 964 auctione
832 932 968 963 Nanneii

81 978 223 1018 quaedam
239 984 360 1008 emerat.

126 1022 266 1060 Calypso,
280 1021 402 1057 mulier,
418 1021 467 1050 cui
482 1020 617 1050 inserviit
629 1020 763 1060 Ulysses.
789 1018 853 1049 Off.
873 1017 900 1056 I,
923 1021 970 1048 13.

127 1065 163 1094 C.
182 1065 342 1101 Cmnillus,
366 1064 404 1094 ad
427 1063 499 1093 Div.
523 1064 585 1099 IX,
608 1065 658 1092 20.
681 1062 773 1093 XIV.
794 1064 824 1090 5.
846 1065 893 1090 14.
911 1063 968 1091 &c-

82 1112 151 1155 pos}
165 1107 307 1137 Atticum
322 1107 524 1137 amicissimus
541 1106 688 1137 Ciceroni.
707 1105 745 1136 ad
768 1105 840 1134 Div.
858 1104 900 1141 V,
919 1107 971 1133 20.

80 1150 158 1189 juris
172 1150 356 1191 praediatorii
370 1150 493 1190 peritus.

123 1194 163 1223 L.
182 1194 344 1230 Cctmzllzcs,
368 1194 454 1229 Cam,
483 1195 529 1223 12.
555 1192 609 1232 qui
626 1202 695 1221 cum
713 1191 816 1232 Appio
842 1189 972 1220 Claudio

83 1236 189 1265 consul
212 1236 273 1266 fuit
295 1236 349 1276 (A.
366 1236 407 1265 U.
425 1234 513 1274 404.)
537 1245 552 1265 e
570 1234 689 1264 familia
710 1235 813 1264 Furiin
836 1233 971 1263 Eosdem

85 1279 222 1309 consules
237 1278 299 1309 edit
315 1278 394 1308 Gen.
412 1277 475 1316 IX,
495 1281 544 1308 11.
568 1278 620 1308 sed
635 1277 687 1307 3111
703 1278 738 1307 Ρ.
757 1276 910 1307 Clodium.
932 1276 971 1307 Υ.

85 1321 190 1361 Sigon.
206 1321 244 1351 ad
259 1321 290 1351 h.
305 1331 332 1351 a.

119 1346 178 1394 ῗ11.
199 1365 361 1401 (amilius,
385 1364 478 1395 Tusc.
500 1363 528 1401 I,
546 1364 597 1399 37.
619 1363 645 1393 is
661 1369 716 1400 est,
733 1361 787 1402 qui
803 1362 937 1392 Romam
953 1372 972 1391 a

86 1407 183 1437 Gallis
199 1414 318 1448 captam
332 1408 528 1447 recuperavit.

129 1453 284 1487 Camirfflts
309 1449 529 1488 Nat.D.111‚
547 1452 598 1480 21.
617 1448 751 1479 conditor
774 1447 900 1486 Camiri,
916 1458 973 1488 op-

83 1493 154 1534 pido
172 1493 373 1524 Rhodiorum.

131 1538 272 1573 Camala,
295 1541 366 1567 Att.
386 1537 414 1567 V
416 1558 425 1574 ,
443 1539 494 1567 21.
509 1535 652 1567 centurio.

128 1581 180 1609 M.
199 1580 392 1617 Camurcius,
418 1579 492 1609 Coel.
510 1581 563 1615 30,
581 1578 618 1608 de
633 1578 767 1616 crimine,
783 1577 882 1607 nescio
898 1587 971 1618 quo,

89 1622 122 1652 in
138 1623 279 1653 Vettium
295 1623 466 1661 commisso,
483 1622 710 1653 condemnatus.

90 1678 93 1682 ·
136 1666 238 1704 Cana,
262 1666 327 1696 Att.
353 1664 454 1701 XIII,
478 1666 529 1696 41.
552 1666 655 1694 Graev.
684 1665 781 1702 Kana,
797 1663 860 1693 filia
883 1662 977 1693 Genii

90 1708 179 1744 Cani,
202 1719 296 1750 quam
321 1708 360 1746 Q.
380 1709 425 1738 fil.
443 1708 586 1739 collocase
605 1707 788 1748 cogitabant,
813 1706 839 1736 si
862 1705 890 1736 ei
909 1705 978 1746 pla·

91 1757 178 1782 cereta
