1137 1848
307 130 456 162 INDEX
479 132 511 162 H
517 132 764 163 ISTORICUS.
920 130 976 160 151

102 216 153 246 15.
173 215 222 245 De
237 224 271 245 eo
287 221 406 247 exstant
423 219 613 257 conjectanea
625 216 832 248 Harkenrothi
852 216 883 245 in
905 215 983 247 Obs.

101 258 232 288 miscell.
251 258 331 289 Nov.
349 259 420 290 vol.
437 259 465 295 I,
481 272 511 301 p.
529 263 579 291 49.

146 302 337 331 Atlzetiunum
355 303 417 341 jus,
439 303 477 332 ad
498 304 570 334 Div.
590 303 650 342 IX,
674 314 720 343 ep.
740 303 789 332 18.
806 303 844 331 ab
859 300 990 330 Atherin

101 343 234 384 quodam
251 344 298 374 vel
315 345 462 375 Hatherio
482 347 576 384 JCto,
593 347 640 376 vel
655 346 762 376 Aterio
778 345 888 384 potius.
917 345 989 373 Atr-

100 397 178 415 rzum
201 392 229 416 et
256 387 413 416 Haterium
437 389 605 428 promiscue
629 400 690 419 esse
714 389 745 417 in
769 388 864 423 libris,
888 386 990 416 docuit

104 428 231 459 'sorren
249 429 287 459 ad
302 429 405 461 Valer.
426 432 476 461 M.
496 431 524 470 Ι,
548 434 566 468 7
571 455 577 462 .
595 434 623 461 8.
648 432 669 461 J
674 442 708 461 us
725 430 906 460 Aterianum
930 438 990 458 non

103 482 167 502 esse
187 472 300 509 cibum,
317 472 387 503 inde
406 480 500 514 patet,
520 475 613 516 quod,
635 475 660 504 si
679 474 764 504 cibus
789 478 876 509 esset,
893 471 991 501 ambi-

103 514 227 554 guitatis
247 515 332 545 lusus
351 523 381 546 et
403 518 489 555 jocus
513 518 675 547 tolleretur.
699 518 809 556 Neque
830 521 931 545 tamen
953 514 991 543 de

104 557 171 597 lege
186 558 293 587 Ateria
309 568 379 588 cum
392 560 494 590 Cortio
504 560 696 601 capiendum,
710 559 761 589 sed
777 559 814 588 de
823 558 904 588 iuius
916 563 994 587 tem-

104 600 185 640 poris
200 600 292 630 Jcto.
315 602 438 631 Aterios
453 609 555 633 autem
571 603 685 643 equites
702 603 795 632 Rom.
811 612 845 631 eo
860 607 996 640 tempore

105 642 209 677 fuisse,
226 653 263 673 ex
275 644 340 674 loco
356 644 471 674 Valerii
487 646 587 686 colligi
602 652 708 685 potest.

152 687 281 720 Acidim,
296 686 382 717 Verr.
400 687 461 726 IV,
478 689 529 718 32.
546 691 581 719 C.
601 688 703 718 Verris
718 687 887 728 praefectus.

152 728 187 758 C.
208 728 324 759 Atinius
345 730 460 767 Labeo,
481 742 536 771 pro
560 731 653 761 Dom.
677 731 728 765 47.
759 741 776 760 a
803 730 845 767 Q.
864 728 995 759 Metello

107 781 228 801 censore
254 781 270 800 e
297 779 402 802 senatu
432 773 558 812 ejicitur,
586 780 615 804 et
641 780 743 814 postea
770 774 846 812 ejus,
872 770 996 801 Metelli

107 813 308 850 Macedonici,
336 816 415 845 bona
445 823 595 847 consecrat
625 817 656 846 in
688 816 853 846 tribunatu.
893 814 994 854 (Plin.

108 856 191 887 Hist.
208 856 282 886 Nat.
298 856 378 895 VII,
392 858 458 897 47.)
476 859 556 889 idem
573 860 628 890 Cn.
647 859 779 889 Lentulo
791 857 905 888 censori
915 856 997 886 facit.

153 900 192 930 L.
209 900 373 935 Atratinus,
393 901 468 931 Coel.
491 903 516 931 l.
535 902 615 932 filius
637 902 675 932 L.
698 900 834 931 Atratini
850 901 925 939 ejus,
944 898 998 939 qui

108 952 127 972 a
143 942 190 972 Μ.
208 942 302 973 Coelio
317 943 354 973 de
369 944 486 974 ambitu
508 951 664 975 accusatus
687 950 749 974 erat
762 954 771 979 ;
795 948 913 973 accusat
928 942 998 972 Coe-

108 984 186 1015 lium
202 984 239 1015 de
253 986 381 1016 ambitu.
398 987 520 1017 Patrem
536 987 710 1017 defenderat
725 986 838 1016 Cicero.

154 1029 245 1063 Atzae,
261 1031 346 1059 Sext.
358 1030 408 1059 51.
425 1030 551 1070 quidam
566 1041 620 1071 per
635 1030 792 1069 enauagen
813 1028 870 1058 dici
887 1032 999 1068 putant

108 1081 163 1111 pro
178 1070 264 1108 Atta,
281 1071 334 1111 qui
349 1071 439 1102 fuerit
453 1076 543 1113 poeta
558 1073 698 1102 Latinus.
722 1071 792 1108 Sed,
809 1081 878 1100 cum
897 1071 997 1100 Abra-

109 1113 182 1151 mio,
209 1113 348 1145 Graevius
362 1114 587 1156 interpretatur,
603 1125 686 1146 senes
701 1114 895 1155 philosophos
913 1113 1000 1143 Grae-

111 1156 216 1186 culos:
241 1167 317 1197 quos
332 1157 409 1187 vide.

154 1199 289 1237 Attalus,
301 1209 354 1229 rex
370 1201 587 1241 Pergamenus,
609 1202 692 1232 Sext.
709 1201 760 1235 27.
782 1199 822 1229 Ei
837 1197 914 1228 Asia
929 1197 997 1227 An-

112 1241 211 1272 tiocho
227 1242 276 1272 M.
299 1242 420 1273 ademta
435 1244 629 1274 condonatur.
653 1244 753 1273 Deiot.
766 1243 794 1277 7.
811 1242 841 1271 in
863 1242 900 1270 P.
912 1240 1000 1270 Afri-

112 1294 223 1315 canum
243 1285 374 1316 liberalis
395 1286 471 1317 fuit:
495 1287 548 1317 ubi
572 1292 673 1316 tamen
694 1292 747 1316 aut
770 1285 874 1315 Cicero
896 1284 999 1323 lapsus

115 1332 169 1364 est,
183 1328 312 1357 Attalum
327 1339 381 1368 pro
396 1331 533 1359 Arnim-ho
544 1339 672 1369 ponens,
685 1336 738 1358 aut
748 1327 910 1358 Antiochus
922 1325 997 1363 (M.)

114 1370 313 1410 reponendus.
340 1381 368 1401 v.
396 1372 544 1402 Ursinum
568 1372 607 1401 ad
628 1372 649 1401 1.
674 1382 699 1402 c.
723 1377 753 1401 et
775 1369 931 1400 Drakenb.
957 1367 996 1398 ad

116 1413 184 1443 Liv.
201 1413 271 1453 epit.
287 1415 338 1449 57.
368 1413 418 1444 De
432 1414 610 1444 Attalorum
630 1418 798 1450 stemmate,
821 1423 848 1442 v.
870 1413 998 1451 Rupert-

116 1455 155 1485 ad
171 1455 292 1485 Besold.
306 1467 331 1486 c.
352 1460 398 1487 12.
423 1457 587 1497 Spanhem.
604 1457 641 1488 de
657 1457 724 1487 Usu
739 1462 769 1486 et
785 1456 839 1486 Pr.
856 1455 898 1485 N.
915 1453 997 1484 Diss-

117 1497 216 1536 VIII,
232 1509 262 1539 p.
276 1502 311 1529 51
323 1503 348 1530 l.

161 1543 297 1577 Attalica,
311 1543 342 1572 in
356 1541 443 1572 Verr.
458 1542 499 1579 V,
517 1546 564 1572 12.
578 1542 808 1583 peripetasmata
822 1550 895 1570 auro
910 1539 1002 1569 inter-

121 1589 215 1621 texta,
232 1585 269 1614 ab
285 1585 392 1615 Attalo
408 1595 475 1625 rege
490 1585 612 1615 inventa
626 1591 655 1615 et
670 1590 822 1624 usurpata.

164 1628 284 1658 Attalus
301 1629 498 1668 lphemenus,
514 1628 552 1658 ad
568 1628 608 1666 Q.
625 1628 650 1658 F
654 1638 676 1657 r.
691 1629 719 1667 1,
730 1629 761 1657 2.
773 1628 802 1657 4.
815 1626 906 1656 homo
919 1624 1005 1654 Grae-

120 1679 173 1701 cus
188 1669 225 1699 de
240 1669 350 1707 Quinti
362 1671 524 1711 provincia.

165 1714 294 1751 Attalus,
312 1714 454 1751 Netinus‚
471 1713 564 1743 Verr.
575 1713 617 1751 V,
634 1714 684 1743 26.

142 1798 148 1803 -
168 1756 317 1793 Amemus,
333 1757 371 1787 ad
387 1757 453 1787 Att.
469 1755 511 1795 V,
530 1760 576 1788 19.
598 1756 714 1788 debitor
729 1753 893 1792 Ciceronis,
909 1753 933 1784 si
949 1752 1009 1783 lec-

128 1804 169 1828 t10
183 1808 256 1829 sana
270 1805 324 1830 est.
