1122 1868
115 94 184 124 2300
276 94 427 127 INDEX
449 92 848 125 GRAECO-LATINUS.

167 186 327 221 Φαντασια,
349 181 452 218 visum,
470 179 565 210 Acad.
583 178 611 217 I,
627 181 656 209 2.
674 177 721 218 II,
737 180 768 209 6.
784 185 827 210 est
842 179 954 220 species
967 179 1012 210 rei

127 232 329 266 quaecumque
344 225 376 254 in
391 223 494 254 animo
508 222 682 253 informata.

165 272 315 336 Ι(ῗλοιιτιωι
341 273 486 308 συμφορα,
506 266 626 305 querula
646 275 694 295 res
710 265 866 304 calamitas,
890 264 929 296 ad
945 264 1013 296 Att.

127 307 160 337 X
201 330 210 345 ‚
229 313 282 341 41.

172 357 330 390 ψιλαιτιος,
353 352 509 383 accusandi
524 358 550 382 et
567 353 709 393 querendi
729 352 866 391 cupidus,
882 350 921 381 ad
943 350 1017 381 Div.

127 392 195 431 III,
209 396 239 430 7.
253 396 291 426 ad
306 396 372 426 Att„
387 394 486 433 XIII,
500 399 551 425 520.

173 441 361 477 Φιλαληθως,
378 440 513 479 ingenue,
531 439 628 475 libere,
646 437 683 467 ad
699 437 764 475 Qu.
782 436 835 466 Fr.
852 435 899 474 11,
920 438 968 467 15.

174 487 325 518 Φιλαυτια,
345 492 426 511 amor
436 482 482 511 sui
495 482 596 520 ipsius,
612 479 651 510 ad
667 481 732 511 Att.
748 478 846 515 XIII,
865 483 915 510 13.

175 529 366 562 Φιλελληνες,
391 525 560 555 Οτιεοονιιτη
574 531 712 559 ornantes,
735 522 774 553 ad
795 522 861 552 Att.
879 522 904 558 I,
924 525 974 553 15.

175 565 350 605 Φιλενδοξος,
375 568 550 604 ambitiosus,
569 572 678 596 amator
699 566 856 595 illustrium
876 567 1016 604 virorum,

134 607 174 638 ad
190 609 255 639 Att⁴
272 608 374 647 XIII,
394 610 441 640 19.

176 651 329 687 Φιληὲονοι,
348 658 489 682 amatores
502 652 667 691 voluptatis,
687 651 725 681 ad
740 650 813 681 DiV.
827 650 904 687 XV,
924 653 973 682 19.

175 696 361 729 ᾤιλιππιζειν,
379 706 445 725 cum
459 695 718 734 Philippo-fircere,
735 694 773 724 ad
788 694 861 725 Div.
875 694 922 732 II,
934 695 986 730 57.

175 741 350 772 Φιλογυνεια,
366 739 569 775 mulierositas,
590 737 683 768 Tusc.
700 736 762 775 IV,
781 739 830 767 11.

177 778 347 815 Φιλεδημος,
362 782 526 820 popularis,
543 782 595 822 qui
609 780 821 821 vulgarianon
836 781 957 820 spernit,
978 779 1019 811 ad

136 824 201 853 Λα.
216 819 298 858 XII,
315 822 344 851 6.

179 867 363 903 αλοὲῑεωρος,
386 867 536 906 spectandi
551 867 687 907 cupidus,
710 865 749 895 ad
765 865 838 896 Div.
855 865 934 903 VII,
953 867 1004 896 16.

179 912 333 940 Φιλοκαλοι
350 922 396 938 και
417 908 597 945 φιλοδικαιοι,
614 915 754 939 amatores
769 910 889 948 honesti,
906 914 932 940 el
956 915 1017 939 stu-

139 951 307 991 diosijristi,
323 952 362 982 ad
377 952 450 982 Div.
468 951 545 987 XV,
566 952 614 982 19.

179 999 335 1031 φιλολογα,
355 997 482 1030 erudita,
504 994 543 1024 ad
557 997 623 1025 Att.
640 993 740 1032 XIII,
757 996 808 1025 52.
831 995 908 1033 XV,
928 995 976 1025 15.

179 1043 406 1077 φιλολογωτερα,
424 1039 594 1072 eruditiora,
609 1039 770 1076 subtiliora,
785 1038 824 1068 ad
837 1038 903 1067 Att.
919 1037 1020 1075 XIII,

138 1084 188 1111 12.
213 1085 366 1117 Φιλολογος
394 1086 438 1111 est
462 1080 581 1121 proprie
607 1080 757 1111 studiosus
782 1080 1022 1121 disputationum

136 1123 320 1154 eruditarum
338 1123 374 1153 de
390 1123 496 1153 studiis
511 1123 675 1160 doctrinae3
699 1123 781 1154 unde
797 1129 938 1162 φιλολογοι
950 1130 1022 1154 sunt

137 1177 194 1204 res,
211 1166 248 1196 de
264 1165 374 1207 quibus
384 1166 555 1207 disputatur
567 1177 577 1201 ;
604 1173 752 1203 Φιλολογια
764 1166 928 1205 disputatio
942 1166 1019 1208 ipsa,

137 1221 207 1251 quae
222 1215 251 1239 et
269 1211 424 1243 συζητησις
443 1209 561 1239 dicitur.
584 1208 626 1239 V.
651 1209 690 1239 ad
705 1208 778 1239 Div.
795 1208 891 1246 XVI,
916 1212 968 1240 21.
991 1215 1021 1240 et

140 1256 363 1291 συμφιλολογειν
377 1252 502 1290 ibidem,
513 1251 575 1282 un&
586 1252 750 1293 disputare,
762 1252 960 1292 disputationi
974 1252 1021 1282 in-

138 1300 254 1325 teresse.
282 1292 360 1323 Item
385 1295 426 1324 sic
449 1296 620 1334 philologus,
645 1295 683 1325 ad
699 1295 764 1325 Att.
780 1293 880 1332 XIII,
903 1298 951 1326 12.
969 1299 1020 1327 29.

137 1338 197 1368 Sed
212 1336 327 1367 inscitia
338 1344 508 1368 nostrorum
518 1337 690 1375 hominum,
702 1337 755 1375 ita,
766 1343 802 1368 ut
809 1338 1018 1377 humanimtis,

137 1380 354 1410 humaniorum
379 1380 546 1419 literarum,
569 1381 786 1422 literarumque
815 1380 950 1419 nomIna,
973 1391 1019 1412 re-

138 1423 259 1453 sninxit
279 1422 318 1452 ad
341 1429 421 1453 certa
435 1423 576 1464 quaedam
591 1423 703 1454 artium
718 1433 828 1464 genera
851 1424 894 1465 (v.
910 1424 1020 1454 Prolu-

138 1465 254 1496 sionem
278 1472 411 1496 nostram
432 1466 469 1496 de
493 1466 604 1497 finibus
626 1466 844 1496 humaniorum
863 1466 1020 1497 literarum

138 1507 290 1548 regendis)
321 1515 350 1539 et
364 1520 383 1539 a
397 1509 563 1550 philologia
578 1509 711 1548 sejunxit
734 1509 970 1550 philosophiam,
988 1509 1021 1539 in

138 1561 232 1591 quam
247 1552 293 1581 vel
303 1552 437 1582 maxime
447 1552 596 1590 convenit,
606 1558 642 1582 ut
654 1562 691 1582 ex
703 1551 855 1583 Ciceronis
869 1552 952 1590 locis,
963 1552 1022 1582 im-

138 1593 244 1634 primis
258 1593 360 1631 XIII,
375 1598 424 1631 12,
435 1595 563 1636 intelligi
572 1601 679 1636 potest,
690 1595 763 1625 item
776 1605 792 1625 e
805 1595 897 1626 Tusc.
915 1597 937 1613 “
950 1594 1020 1633 Sed,

138 1636 203 1666 haec
217 1643 288 1667 sunt
314 1638 569 1678 φιλωλογωτεραῇ
586 1639 748 1668 subtiliora.
770 1638 841 1675 Sed,
866 1637 943 1677 XV,
969 1640 1019 1675 15,

136 1679 281 1719 philohvga
301 1689 362 1709 non
387 1687 458 1710 sunt
480 1682 608 1718 erudita,
636 1691 741 1711 verum
755 1681 929 1720 probabilia,
953 1691 1021 1722 quae

138 1721 284 1762 disputari
300 1723 494 1763 probabiliter
505 1724 628 1764 possint.

177 1770 363 1805 Φιλτπατρκ,
377 1767 482 1806 pacrioe
493 1778 603 1802 conans,
619 1766 656 1798 ad
672 1768 741 1798 Att.
763 1766 807 1805 II,
828 1770 856 1798 l.
873 1766 935 1806 IX,
952 1765 999 1797 10.
