1137 1848
275 104 424 136 INDEX
448 104 848 137 GRAECO-LATINUS.
937 104 999 135 4159

160 189 274 230 Φαιὸρου
288 197 451 229 nepio-cmv,
467 196 497 221 et
510 190 668 229 Ἐλλαὲος,
690 190 730 222 ad
745 191 810 221 Att.
832 188 933 225 XIII,
944 190 998 220 39.

117 231 282 263 Librorum
297 233 400 263 titulos
413 244 486 271 esse,
499 239 656 264 contextus
667 234 763 271 docet,
774 233 825 264 sed
840 233 999 263 manifeste

116 275 248 316 corrupti
271 282 350 306 sunt.
385 275 580 315 Conjecturas
606 277 792 307 eruditorum
822 276 871 306 cui
899 276 999 315 legere

117 317 227 358 volupe
251 325 305 357 est,
333 318 419 349 adeat
442 319 617 359 interpretes
636 319 673 349 ad
691 320 722 349 h.
741 320 762 349 l.
777 329 849 349 nam
870 329 918 349 eas
937 318 998 348 huc

116 361 287 399 transferre,
312 372 373 392 non
389 367 434 391 est
448 362 578 392 instituti
592 362 694 392 nostri.
718 362 778 392 Ed.
794 363 886 392 Rom.
907 361 1000 391 habet

116 407 236 433 tantum
253 405 378 445 Φαιδρου.

159 450 415 486 &amomon-amm,
433 448 544 478 vultum
566 449 722 483 ostender&
735 448 849 490 faciem
872 448 996 485 aperire,

117 487 156 517 ad
181 489 247 518 Att.
271 490 351 526 VH,
376 495 427 521 22.
449 491 511 521 de'
503 491 540 521 iis
560 491 679 527 dicitur,
702 492 756 532 qui
779 491 856 522 nihil
876 490 996 527 timent,

115 540 169 561 nec
184 539 376 573 conspectum
392 535 573 574 cujusquam
587 533 720 574 fugiunt.

157 579 451 615 Φαινοπροσωπητεον,
468 583 574 606 retecto
589 578 672 606 vultu
684 583 711 607 et
725 576 921 618 apertc‘ifacie
931 585 999 614 pro-

113 618 288 655 cedendum,
305 618 342 647 ad
359 619 425 648 Att.
440 619 536 657 XIV,
553 622 604 650 22.

158 664 273 695 Φαινων,
289 660 444 699 Saturnus,
460 663 585 700 planem,
603 662 676 693 Nat.
686 662 728 692 D.
744 662 792 700 ῙῘ,
808 664 860 693 20.

159 709 354 742 Φαλακρωμα,
372 705 411 734 ad
434 707 500 735 Att.
514 704 608 743 XIV,
627 708 657 737 7.
680 705 734 735 Bis
756 706 788 735 in
809 704 915 736 eadem
935 703 998 744 epi-

116 746 193 776 stoli»
213 746 270 776 hoc
284 748 373 777 verbo
389 758 461 778 usus
486 754 548 778 est:
574 751 596 766 “
609 750 686 787 apud
701 749 868 778 &Indorum
882 748 998 777 nullum

114 793 155 818 est
183 791 416 827 φαλακρωααε”
439 797 525 831 post:
551 794 574 809 “
591 791 673 821 habes
698 797 880 830 φαλακρωμα
900 791 999 820 inimi-

114 832 257 861 cissimum
285 833 431 863 ‹rt1i.'’In
455 834 609 874 posteriori
635 834 699 864 loco
724 839 911 872 φαλακρωμα
935 842 998 863 esse

116 874 217 914 ipsum
234 874 381 913 Matium,
395 887 486 917 quem
500 883 620 917 propter
632 876 781 907 calvitiem
797 875 839 905 ita
854 876 997 915 appellat,

116 917 204 947 facile
219 917 407 958 intelligitur
432 918 469 948 In
486 919 577 960 priori
592 926 694 949 autem
709 928 769 948 non
786 918 828 948 ita
842 918 929 948 facile
943 929 999 959 pae-

115 965 188 997 tere,
216 960 263 990 vel
284 960 439 991 doctorum
464 962 501 992 de
525 963 560 992 eii
581 973 612 992 re
635 961 851 1002 disputationes
873 961 998 991 demon-

115 1008 219 1032 strant.
246 1002 353 1033 Alludi
368 1005 406 1034 ad
423 1005 514 1035 Matii
533 1005 694 1042 calvitiem,
716 1004 741 1034 si
756 1014 825 1033 vera
841 1010 884 1033 est
899 1004 998 1042 lectio,

119 1046 171 1086 (de
186 1056 247 1086 quo
263 1056 322 1076 non
341 1047 462 1087 dubito)
479 1048 674 1078 manifestum
693 1053 746 1078 est.
770 1046 890 1076 Atticus
905 1047 998 1086 scrip-

116 1095 204 1125 serat,
221 1089 303 1129 apud
326 1101 396 1120 eum
418 1097 605 1129 φαλακρωαα
625 1091 707 1126 fore3
731 1089 763 1119 id
786 1095 876 1130 negat
899 1100 929 1119 se
946 1089 1000 1120 Ci-

115 1142 181 1161 cero
204 1131 356 1172 reperisse.
379 1134 431 1163 Ex
455 1143 516 1174 quo
540 1133 729 1173 intelligitur,
749 1142 809 1162 non
829 1142 890 1162 esse
909 1135 969 1162 calz
967 1134 1000 1161 i

114 1175 504 1215 ιίειη11.1.φαλακρωμα,
532 1182 561 1206 et
586 1176 652 1206 ludi
678 1175 876 1215 ambiguitate
906 1176 998 1206 verbi.

115 1217 210 1247 Porro
235 1218 327 1258 paulo
349 1226 417 1259 post
440 1219 511 1249 dicit
536 1225 730 1257 Φαλακρωαα,
754 1218 784 1247 h.
801 1228 826 1247 e.
849 1218 999 1266 Matium,

115 1270 178 1290 esse
201 1262 350 1290 inimicum
367 1263 426 1291 0111'.
446 1262 498 1292 Ex
517 1272 583 1310 ‘quo
606 1261 724 1301 colligo,
745 1261 884 1291 Atticum
908 1261 1000 1302 scrip-

116 1303 197 1339 sisse,
219 1303 355 1333 Matium
377 1304 458 1345 pacis
484 1305 596 1345 otiique
620 1305 752 1334 amicum
779 1310 808 1333 et
830 1303 998 1334 studiosum

117 1345 190 1377 fore.
214 1347 309 1376 Recte
324 1347 417 1387 igitur
432 1348 547 1376 nullum
567 1353 752 1387 φαλακρωμα
768 1347 1001 1386 interpretantur

116 1390 195 1428 pacis
209 1392 314 1429 otiique
327 1391 466 1420 studium.
490 1389 655 1421 Calvorum
678 1389 775 1430 capita
797 1389 907 1419 similia
927 1390 1000 1420 coelo

118 1442 221 1463 sereno
247 1439 276 1462 et
291 1433 464 1474 tranquillo.
487 1433 579 1463 Unde
594 1431 676 1473 apud
698 1433 824 1462 Suidam
840 1438 883 1462 est
900 1437 1000 1465 Φαλα-

118 1487 260 1514 κρωτερος
276 1475 374 1511 ευδιας,
388 1476 469 1516 quod
482 1477 546 1515 jam
562 1474 874 1506 ePseudo-Demetrii
890 1475 1001 1505 Phale-

118 1517 161 1547 rei
181 1518 284 1549 libello
298 1517 335 1547 de
351 1519 517 1549 elocutione
539 1518 642 1548 attulit
656 1519 777 1548 Bosius.
801 1518 885 1549 Hinc
902 1523 1000 1552 φαλα-

120 1572 233 1599 upapam,
256 1571 311 1600 pro
333 1562 562 1602 tranquillitate,
587 1561 659 1597 otio,
681 1561 740 1591 dici
763 1560 872 1601 potuit.
898 1560 931 1590 J.
949 1560 1002 1590 Fr.

119 1603 265 1634 Gronovii
280 1609 343 1633 σαλ.
347 1617 419 1633 otum
411 1616 496 1641 κιο-μα.
509 1614 570 1634 non
580 1604 687 1645 placet.
705 1603 906 1634 Manifestum
919 1602 1001 1633 enim

117 1653 172 1683 est,
190 1647 366 1677 Ciceronem
388 1652 416 1676 et
440 1647 577 1677 Atticum
601 1657 656 1688 pro
678 1657 761 1677 more
783 1656 837 1677 suo
857 1646 889 1675 in
910 1645 1004 1676 Man]

118 1689 236 1720 calvitie
250 1690 354 1720 ludere
369 1690 508 1720 voluisse.

162 1737 363 1771 Φκλαρισμος,
386 1734 553 1763 Phataridis
579 1733 710 1771 imitatio,
736 1733 851 1769 soevicia,
875 1730 914 1762 ad
941 1731 1006 1763 Att.

117 1775 147 1805 V
160 1774 207 1813 II,
227 1775 274 1805 12.
