1122 1868
131 51 193 80 252
346 51 492 83 INDEX
518 53 804 85 HISTORICUS.

129 147 207 168 reus.
232 138 283 168 Ad
309 149 379 170 eum
403 139 543 180 epistolas
564 138 716 179 Epicurus
739 139 864 180 scripsit.
889 137 1016 180 Mityle-

129 190 226 219 naeus,
243 187 420 212 testamento
436 182 562 222 Epicuri
579 183 682 212 haeres.
706 182 808 212 La'ert.
826 183 873 218 X,
890 186 941 213 21.

171 225 364 262 Hermachns,
387 225 493 261 Chius,
510 225 546 255 de
564 225 696 266 Harusp.
715 226 806 266 Resp.
828 226 875 255 16.

171 266 377 305 Hermocreon,
402 268 468 298 Inv.
496 268 524 303 I,
552 269 602 297 30.
630 268 781 307 portitoris
804 278 926 306 nomen,
958 267 1012 308 qui

126 311 257 351 portoria
273 311 462 341 Rhodiorum
478 311 614 340 redemit.

170 355 380 392 Hermagoras,
405 355 471 384 Inv.
499 353 526 389 Ι,
554 355 583 382 6.
608 359 637 383 et
659 356 710 383 51.
731 352 819 384 Brut.
839 354 889 389 76.
911 354 1012 384 rhetor

125 397 345 427 celeberrimus.
374 397 530 436 Praecepta
544 396 659 436 scripsit
678 396 817 435 expedita
838 397 876 426 ad
895 397 1011 427 inveni-

126 440 250 476 endum,
268 438 317 469 sed
337 440 439 469 tenuia
454 440 491 469 ad
507 439 685 468 ornandum.
712 438 776 468 Inv.
797 439 823 476 Ι,
839 442 850 468 1
865 443 887 469 1.
902 440 1011 469 consti-

124 482 248 513 tutionis
263 482 445 512 translativae
459 488 562 512 auctor
577 488 629 511 est.
653 481 702 511 De
713 492 747 512 eo
763 482 822 511 vid.
841 483 954 522 Interp.
971 482 1010 512 ad

124 525 255 563 Quintil.
274 524 339 562 111,
360 528 384 554 1.
410 525 492 554 Nam
510 534 579 554 eum
596 530 714 553 secutus
730 530 782 554 est.
806 525 951 555 Diversus
966 530 1009 554 est

121 570 162 599 ab
187 568 377 607 Hermagora
393 567 546 603 Temnite,
572 567 624 606 qui
649 566 758 596 Carion
780 567 877 597 dictus
898 574 952 603 est,
980 573 1010 597 et

125 611 235 641 Romae
254 610 383 650 Augusti
400 610 586 649 temporibus
601 609 696 644 vixit;
719 610 806 648 cujus
821 609 912 639 libros
927 620 1010 640 com-

120 659 271 683 memorat
287 653 394 683 Suidas
409 652 440 681 in
456 652 462 661 ‘
472 657 647 689 Ερμαγορας.
672 652 848 692 Pompeius,
864 652 1009 683 decedens

123 707 161 726 ex
177 696 262 731 Asia,
280 696 365 725 finito
380 695 459 725 bello
472 693 692 729 Mithridatico,
710 694 813 724 Rhodi
827 701 929 725 contra
939 706 1009 725 eum

123 739 289 778 disputavit
304 750 368 777 περι
385 750 438 771 της
455 738 516 765 καθ’
536 738 600 765 ὁλου
619 740 686 771 ζητη
694 749 776 773 σεως,
793 748 887 777 quam
903 738 1008 779 dispu-

122 782 266 812 tationem
291 780 445 820 descripsit
468 778 656 809 Posidonius.
681 779 836 810 Plutarch.
861 781 892 810 in
914 781 1008 811 Pom-

119 823 200 866 peio,
217 835 246 864 p.
264 824 336 853 641.
353 823 398 853 ed.
416 823 461 853 W
464 822 556 852 echel.

168 868 334 901 Hermetes,
359 866 494 896 Herenn
515 865 541 901 Ι,
562 867 609 893 11.
632 865 662 895 in
684 865 740 896 hoc
755 867 877 897 nomine
892 867 1009 897 variant

121 909 244 946 codices.
271 910 348 939 Pau.
369 909 450 939 enim
466 908 527 938 fere
540 907 607 937 Hm
602 918 666 937 mes
681 914 709 938 et
730 910 910 946 Hermastcs,
927 911 1009 951 quod

122 952 245 983 exhibet
268 952 358 982 etiam
383 952 468 992 Lips.
493 951 661 991 Longolius
682 958 711 981 et
729 952 899 983 Lambinus
921 963 1007 993 repo-

122 1001 200 1025 nunt
218 996 283 1024 Her
286 1006 426 1031 magmas
442 1004 501 1023 non
515 994 707 1034 improbabili
718 995 894 1033 conjectura
910 996 1005 1033 Nam,

120 1037 202 1078 quod
217 1037 289 1067 dicit
313 1039 335 1055 “
351 1036 501 1067 doctorem
525 1037 697 1073 nostrum,'’
720 1037 779 1067 de'
771 1039 942 1069 1nventione
958 1049 1007 1068 ac-

120 1080 304 1121 cipiendum,
326 1080 356 1108 in
382 1091 444 1119 qua
463 1079 598 1120 plerique
619 1089 689 1108 eum
711 1080 803 1110 secuti
822 1087 903 1116 sunt,
930 1088 959 1111 et
973 1082 1005 1111 in

120 1123 191 1153 his
183 1133 247 1163 lpse
262 1122 482 1160 Quintilianus,
502 1120 658 1157 Inst.111,
679 1125 705 1156 1,
728 1123 810 1162 quod
825 1124 862 1153 de
877 1135 911 1153 ea
927 1124 1006 1164 opti-

118 1175 169 1196 me
181 1166 319 1196 omnium
334 1165 501 1205 scripserat,
517 1171 637 1195 auctore
653 1165 813 1195 Cicerone*
805 1177 835 1196 in
852 1167 962 1205 Bruto,
980 1177 1004 1197 c.

164 1252 301 1287 Hermia,
318 1250 364 1281 vel
386 1251 538 1287 Hermas,
561 1250 599 1280 ad
620 1249 692 1280 Div.
716 1250 812 1289 XVI,
842 1254 890 1282 15.
907 1251 945 1282 ad
961 1252 1002 1290 Q.

118 1294 170 1324 Fr.
188 1293 216 1332 Ι,
233 1297 262 1324 2.
279 1296 309 1323 4.
326 1303 427 1323 servus
443 1293 604 1323 Ciceronis.

163 1337 351 1375 Hrmippus,
376 1336 475 1366 Flacc.
496 1336 544 1366 l‘)
561 1336 678 1376 legatus
695 1336 920 1367 Temnitarum.

163 1380 352 1417 Hermippus,
376 1379 418 1416 Q.
435 1377 486 1409 Fr
510 1378 537 1417 I,
557 1380 622 1409 2.:.
611 1378 887 1421 ’.Dionysipolita‚
903 1381 1004 1422 queri-

116 1428 166 1452 tur
181 1422 218 1453 de
234 1422 275 1460 Q.
292 1419 444 1452 Cicerone.

162 1466 279 1501 Hermo,
302 1465 370 1494 Att.
388 1465 430 1501 V,
449 1467 500 1494 21.
517 1475 628 1495 servus.

160 1508 349 1543 Hermobius,
374 1507 421 1536 Fl.
440 1510 486 1538 18.
504 1506 671 1538 Temnites.

162 1550 372 1584 Hermodorus,
398 1550 463 1580 Att.
488 1549 587 1584 XIII,
610 1553 660 1580 21.
685 1551 738 1592 qui
755 1551 890 1581 Platonis
910 1552 1002 1583 libros

119 1594 224 1624 solitus
247 1598 292 1622 est
315 1592 493 1632 divulgare;
526 1592 607 1623 unde
636 1594 840 1634 proverbium,
871 1599 1000 1631 Λογοισιν

113 1634 301 1673 Ἐρμοὸωρος,
317 1645 357 1663 sc.
380 1647 576 1671 εμποοευεται.
602 1635 643 1666 V.
662 1636 788 1666 Stlidam
803 1636 834 1666 in
854 1636 910 1667 hcc
931 1647 1002 1677 pro-

112 1677 225 1713 verbio,
242 1677 295 1718 qui
311 1687 380 1707 eum
397 1677 564 1709 auditorem
581 1678 719 1709 Platonis
734 1679 876 1720 appellat.
899 1680 1000 1721 Scrip-
