1122 1868
161 56 202 85 80
334 54 480 87 INDEX
505 55 755 89 GEOGRAPH
763 57 872 88 ICUs.

200 140 480 180 Eleutherocilices,
503 143 541 173 ad
565 142 660 173 Attic.
683 143 726 179 V,
743 144 796 180 20,
817 142 856 172 ad
872 142 945 173 Div.
963 143 1039 180 XV,

158 184 189 218 4„
215 184 321 224 populi
338 184 454 216 Cssiciae
476 186 574 223 liberi,
601 185 715 216 Graecis
739 185 831 216 etiam
861 188 1040 225 Ελευθεριται

157 226 249 261 dicti;
273 226 311 256 de
335 228 445 268 quibus
460 228 520 259 vid.
545 228 659 269 Spanh.
683 229 715 258 in
731 228 814 259 Orbe
834 228 925 258 Rom.
945 238 1040 258 exerc.

159 269 206 305 II,
234 279 259 299 c.
287 272 336 308 11,
358 281 388 311 p.
407 281 449 301 m.
466 272 539 305 231,
562 283 606 313 sq.
631 271 668 302 de
687 271 754 301 Usu
775 276 804 301 et
828 271 880 301 Pr.
896 271 995 300 Num.
1009 281 1040 311 p.

157 312 218 346 785
233 323 241 341 z
265 313 319 343 ubi
333 313 370 343 de
385 320 447 344 toto
462 314 518 345 hoc
532 324 640 355 genere
657 314 841 355 populorum
855 313 932 354 imp.
948 313 1040 343 Rom.

158 354 323 385 liberorum
339 356 410 395 agit.

200 398 281 435 Elis,
298 398 337 428 ad
352 398 424 428 Div.
440 399 542 438 XIII,
559 401 611 437 26,
628 401 700 430 urbs
716 398 927 439 Peloponnesi,
944 409 962 428 a
976 398 1038 438 quit

158 446 186 470 et
201 440 266 480 ipsa
280 441 362 480 regio
377 443 446 472 Elis
461 442 581 481 dicitur,
594 442 675 472 unde
691 444 771 479 Elii,
787 442 824 471 de
836 441 907 470 Div.
926 440 972 476 II,
994 441 1039 470 12.

199 484 335 520 Elorini,
361 484 391 513 in
410 485 441 515 V
443 495 498 515 err.
520 486 573 516 lib.
598 485 659 522 IV,
684 486 737 522 43,
756 485 794 514 ab
815 483 926 525 oppido
947 484 1040 513 Eluro

158 525 278 563 Sieiliae,
293 527 383 565 juxta
399 527 527 559 fluvium
543 527 762 569 cognominem.

200 570 381 608 Ematlzz'uS,
397 570 435 601 de
450 571 525 611 Leg.
544 571 591 609 II,
608 572 639 608 3,
656 572 694 601 ab
710 569 867 607 Emathiiz,
884 580 953 611 quae
969 569 1042 599 Ma·

157 611 281 642 cedonia
295 618 338 642 est
353 613 478 654 antiquo
493 614 624 644 nomine.

200 656 344 694 Engyni,
360 655 392 685 in
409 656 497 686 Verr.
516 657 576 693 IV,
595 657 647 694 43,
664 656 707 693 V,
724 656 776 690 44,
793 655 854 691 VI,
872 655 924 691 72,
937 654 1042 685 incolae

156 697 260 737 oppidi
286 699 394 738 Engyi
422 699 453 728 in
478 699 580 730 Sicilia
605 698 831 729 mediterranea.
864 697 986 728 Dicitur
1014 704 1043 728 et

157 740 296 770 scribitur
310 742 401 771 etiam
418 743 581 780 Enguium
597 748 626 772 et
640 744 671 772 E
674 742 798 780 nguz'nz'.

201 784 311 821 Enna,
327 784 359 813 in
372 784 507 815 Verrinis
523 796 612 826 saepe,
628 785 775 825 oppidum
792 783 901 814 Sicih'ae
915 784 1043 813 celeber-

158 825 284 865 rimum,
308 837 402 867 prope
425 827 507 868 quod
531 838 639 858 nemus
657 833 711 865 est,
729 837 766 857 ex
782 836 842 866 quo
866 832 953 867 rapta
968 827 1037 856 Pro-

158 868 278 908 serpina
297 869 430 906 dicitur3
455 870 542 902 (vid.
570 871 630 908 IV,
649 871 713 907 48;
738 869 829 900 Ovid.
851 869 981 899 Metam.
999 869 1041 906 V,

158 911 237 949 385)
254 911 335 941 unde
350 912 439 943 Ceres
453 913 496 943 ibi
520 913 672 954 praecipu&
692 912 835 952 religione
849 911 968 948 colitur,
986 911 1040 951 (V.

158 954 246 984 Verr.
264 954 306 991 V,
333 954 388 994 49)
412 967 480 996 quae
498 962 654 996 propterea
673 956 828 986 Ennensis
856 956 943 984 Ceres
969 954 1043 984 dici-

161 1002 219 1026 tur.
244 997 321 1036 Ejus
336 999 450 1028 mentio
474 1009 521 1039 ap.
539 999 762 1029 Callimachum
782 998 814 1027 in
835 996 986 1033 Cererem,
1003 996 1041 1026 ad

159 1050 189 1079 q.
205 1039 227 1068 1.
244 1040 408 1079 Spanhem.
432 1051 502 1072 cum
528 1041 565 1071 de
588 1041 735 1072 scribendi
751 1040 875 1078 ratione,
897 1049 973 1069 num
989 1039 1042 1068 ad-

160 1082 323 1122 spiratione
333 1083 523 1114 scribendum
542 1083 591 1121 sit,
611 1093 715 1121 necne,
732 1090 798 1113 tun]
814 1082 851 1112 de
874 1082 940 1122 ipsa
955 1083 1041 1117 urbe,

160 1124 265 1155 multis
292 1125 418 1156 disserit.
442 1125 530 1157 Conf.
551 1126 657 1156 Heins.
680 1132 709 1156 et
728 1126 838 1156 Burm.
857 1125 895 1155 ad
911 1124 1003 1155 Ovid.
1020 1125 1042 1153 l.

159 1178 185 1197 c.
209 1167 264 1197 Ab
292 1167 385 1197 Enna
413 1168 554 1199 dicuntur
582 1171 754 1206 Ennenses,
781 1169 813 1198 in
840 1167 986 1203 Verrinis,
1014 1173 1043 1197 et

162 1211 317 1240 Ennensz‘s
333 1221 416 1249 ager.

207 1253 358 1291 Entellini,
384 1254 416 1284 in
440 1254 528 1284 Verr.
554 1254 606 1285 lib.
634 1254 694 1292 IV,
725 1255 778 1292 43,
808 1252 914 1283 incolae
938 1251 1043 1293 oppidi

164 1296 286 1326 Entellae
301 1296 332 1326 in
348 1296 450 1326 Sicih'a
465 1297 503 1326 ad
518 1297 709 1327 Crimissum.

206 1339 370 1378 Epictetus,
385 1339 424 1369 ad
439 1339 511 1369 Div.
529 1340 595 1376 ΙΙΙ,
615 1341 666 1377 10,
686 1339 795 1370 dicitur
810 1338 946 1379 Phrygia
961 1337 1040 1368 Min.

163 1381 222 1412 Sed
248 1382 372 1412 Manut.
400 1388 429 1412 et
449 1382 558 1412 Lamb.
578 1382 655 1412 illud
674 1383 811 1419 verbum,
831 1391 901 1412 cum
924 1380 1042 1411 duobus

162 1424 417 1461 antecedentibus,
434 1425 566 1455 deletum
582 1426 696 1455 volunt.

208 1466 390 1505 Epidaurus,
406 1469 478 1497 urbs
493 1468 660 1508 Argolidis.

208 1509 393 1548 Epiphanea,
415 1510 454 1540 ad
471 1510 543 1540 Div.
564 1511 640 1547 XV,
656 1512 688 1546 4,
706 1510 854 1551 oppidum
870 1508 985 1541 Ciliciae
1005 1507 1041 1538 ad

163 1555 323 1582 Amanum
338 1559 485 1591 montem,
501 1553 654 1583 diversum
665 1555 703 1583 ab
719 1563 764 1588 eo,
777 1552 859 1593 quod
873 1553 950 1582 inter
964 1552 1043 1581 Are-

165 1594 286 1624 thusam
301 1601 330 1625 et
346 1595 498 1625 Larissam
515 1596 610 1636 Syriae
624 1596 692 1625 fuit.
720 1596 801 1625 Plin.
817 1596 859 1632 V,
876 1596 928 1625 23.

211 1637 327 1676 Epirus,
354 1638 435 1677 regio
463 1638 599 1675 Graeciae,
620 1638 659 1669 ad
683 1648 765 1669 marc
791 1638 938 1668 Ionium:
964 1635 1043 1667 unde

166 1680 342 1719 Epiroticas,
357 1681 395 1710 ad
410 1681 506 1711 Amic.
525 1679 551 1715 Ι,
565 1683 594 1710 5.

207 1723 365 1763 Eporedia,
386 1723 423 1754 ad
446 1723 518 1754 Div.
543 1724 604 1758 XI,
625 1726 677 1763 20,
699 1724 813 1756 colonia
836 1724 1044 1754 Romanorum
