1122 1868
140 36 181 65 48
409 35 558 68 INDEX
582 36 757 68 LEGUM.

138 126 200 157 tur,
222 132 278 162 pro
300 122 410 159 Balbo,
434 133 459 153 c-
478 123 540 158 27,
532 133 540 141 ·
572 123 610 153 ad
630 122 703 153 Div.
726 121 813 160 1‚7;
837 131 892 163 pro
906 121 1020 159 Domo,

137 165 210 195 αἱ).
232 165 284 195 Ex
300 166 335 195 ea
349 166 510 206 provinciae
524 166 750 206 magistratibus
765 165 902 195 nondum
917 166 1023 196 creatis

137 217 156 236 a
171 214 276 237 senatu
292 208 547 239 decernebantur.
572 209 664 249 idque
684 207 870 249 praecipuum
895 208 960 247 ejus
975 218 1024 238 ca-

136 256 193 289 put
217 250 286 280 fuit.
319 251 369 281 De
390 262 426 282 ea
448 252 533 299 capio
552 251 642 281 etiam
665 251 718 281 illa
738 252 839 285 verba,
857 251 886 280 V
889 261 944 280 err
961 250 1023 287 IV,

137 294 177 322 6·
207 292 401 333 Vectigalibus
416 305 488 324 cens
493 296 546 323 ria
563 296 663 324 locuti)
679 295 833 323 constituta
845 300 894 329 est,
905 300 938 323 ut
952 295 1026 324 Asiae

137 336 199 376 lege
214 337 392 376 Sempronia.
418 336 633 367 Hotomannus
648 337 742 367 aliter.

185 379 217 408 C.
236 379 364 411 Gracchi
385 381 421 410 (Ic
443 381 574 410 ubertate
593 381 698 410 civium
717 380 800 409 Rom.
824 377 884 419 qua
899 383 1024 409 cautum

139 427 194 458 est,
212 431 250 452 ne
265 422 302 453 de
319 423 415 463 capite
437 423 509 453 civis
529 422 664 453 Romani
682 422 799 461 injussu
813 421 918 462 populi
934 422 1026 452 Rom.

134 465 329 504 judicaretur.
358 465 445 496 Idem
462 466 528 505 jam
549 464 621 495 XII
643 465 727 495 Tama.
741 465 890 495 sancitum
906 470 979 502 erat,
996 470 1026 494 et

142 507 267 546 Valeria,
292 519 315 539 s.
331 508 445 539 sacrani
463 510 535 548 lege,
555 509 586 538 in
608 508 718 538 Monte
733 509 832 541 Sacro,
852 513 888 537 ut
903 507 1026 547 Sigonio

139 550 257 590 placere
282 551 423 581 vidimus.
462 551 522 581 Pro
551 552 631 582 Rab.
651 561 676 581 c.
701 552 742 587 43
767 550 854 582 Verr.
879 550 908 581 V
912 548 942 588 I,
963 550 1024 586 633

139 593 230 623 Catil.
248 593 276 632 Ι,
298 595 331 624 ll
347 605 357 630 3
382 594 443 632 IV,
461 596 491 624 5.

183 638 215 666 C.
235 638 375 674 Gracchi,
398 648 433 667 ne
452 639 515 676 quis
525 636 642 677 judicia
664 637 936 667 circumveniretur.
965 635 1027 666 Pro

140 678 292 717 Cluentio,
309 691 333 710 c.
351 682 401 709 56.
425 680 465 710 Ei
481 680 620 710 successit
635 679 776 710 Cornelia
791 679 927 718 desum,
943 684 978 709 ut
989 688 1027 709 ex

139 721 244 752 eodem
260 723 325 753 loco
338 723 467 763 intelligi
482 728 590 762 potest,
607 732 699 763 quem
715 722 791 752 vide.

182 765 352 804 Sempronia
372 766 408 796 C.
426 765 555 795 Gracchi
567 766 746 804 judiciaria,
759 764 874 804 judicia
888 775 906 795 a
921 770 1027 795 senatu

140 808 178 838 ad
193 809 308 849 equites
323 808 486 838 transtulit.
510 808 551 837 V.
568 809 627 838 Lea=
643 809 778 838 Aurelia.
801 807 936 849 Appian·
946 806 1027 838 Bell.

140 851 207 882 Civ.
225 851 252 889 I,
268 862 299 892 p.
314 852 388 889 618,
406 851 476 881 edit.
493 851 578 880 ΤοΠ.

183 894 350 933 Sempronia
372 895 423 924 lex
446 895 481 924 de
502 893 649 931 provincia
674 893 759 932 Asia,
782 894 885 929 (Verr.
907 892 968 933 IV,
992 893 1026 931 6)

140 947 194 978 per
210 948 303 978 quam
318 937 425 967 locatio
440 936 633 976 vectigalium
648 937 810 967 constituta
825 944 877 967 est.

182 981 316 1015 Servilia,
335 981 368 1010 C.
385 981 503 1010 Ser-cibi
520 979 656 1009 Glauciae
672 980 818 1020 praetoris,
834 980 876 1009 A.
889 979 930 1010 U.
950 979 1025 1016 653,

139 1033 200 1063 quo
216 1023 280 1064 ipse
295 1033 374 1054 anno
395 1022 567 1053 interfectus
589 1029 642 1053 est.
662 1023 727 1052 Alii
744 1032 860 1052 annum
876 1024 917 1052 48
933 1022 959 1051 ei
975 1021 1028 1051 tri-

138 1067 254 1096 buunt:
279 1065 331 1096 sed
347 1071 456 1103 errant,
481 1065 563 1105 quod
578 1075 612 1095 eo
632 1075 711 1095 anno
726 1065 757 1094 in
773 1065 950 1105 magistratu
966 1074 1028 1094 non

138 1108 206 1138 fuit.
225 1108 272 1139 De
280 1110 446 1147 repetundis
456 1107 665 1145 fuit‚acerbior
674 1107 886 1148 superioribus.
906 1107 1026 1144 Sanxit,

139 1157 175 1181 ut
200 1161 268 1181 reus
291 1157 359 1191 post
380 1151 511 1191 primam
534 1150 682 1181 actionem
702 1150 1027 1191 comperendinaretur,

139 1203 211 1224 cum
225 1200 313 1224 antea
327 1204 365 1224 ex
380 1194 446 1233 lege
462 1193 562 1223 Acilia
581 1193 693 1230 liceret,
713 1193 805 1223 semel
824 1193 915 1223 causa
936 1191 1028 1230 dicta,

139 1236 346 1276 pronuntiare,
377 1237 434 1266 nisi
457 1236 637 1276 ampliarent
663 1236 788 1275 judices.
824 1236 912 1266 Verr.
940 1234 968 1272 I,
995 1236 1028 1266 9.

140 1280 228 1319 Saepe
243 1279 324 1320 apud
340 1279 475 1310 Ciceron.
488 1278 641 1316 laudatur,
655 1289 683 1308 v.
697 1289 721 1309 c.
738 1289 785 1320 pr.
801 1279 881 1309 Rab.
899 1278 936 1309 P.
955 1279 984 1316 l,
998 1278 1029 1308 4.

140 1321 249 1362 Capita
270 1322 362 1361 hujus
384 1322 459 1362 legis
486 1332 502 1351 e
523 1321 716 1362 scriptoribus
738 1321 887 1352 veteribus
909 1320 1031 1361 collegit

142 1364 295 1404 Sigonius,
312 1365 349 1395 de
364 1364 506 1401 Judiciis,
525 1363 570 1402 ΙΙ,
595 1366 656 1400 27;
680 1365 734 1395 ubi
751 1365 842 1395 etiam
865 1369 962 1395 exstat
981 1364 1029 1393 in-

145 1406 230 1447 signe
246 1407 463 1447 fragmentum,
482 1418 519 1437 ex
530 1408 566 1437 P.
582 1407 695 1437 Bembi
709 1417 814 1438 museo
826 1407 952 1438 editum.
975 1405 1029 1437 An

140 1449 179 1479 sit
194 1450 275 1490 prior
292 1451 383 1480 sicilici
396 1450 587 1490 posteriorve,
604 1450 672 1480 vide
686 1450 718 1480 in
732 1449 842 1481 Αειίὶἂ.

184 1493 305 1522 Seruitia
320 1493 455 1532 ejusdem
474 1494 620 1528 Glauciae,
636 1494 670 1523 de
685 1494 810 1530 civitate,
827 1492 932 1523 eodem
947 1502 1028 1523 anno

142 1536 182 1565 A.
198 1535 238 1565 U.
260 1536 322 1565 653
348 1536 420 1572 lata,
447 1535 529 1576 quod
556 1536 606 1577 (ut
630 1536 707 1566 mihi
729 1536 861 1572 videtur)
884 1541 1029 1566 statuerat

140 1577 225 1608 omni
240 1578 354 1608 ratione
369 1578 508 1627 equitum
530 1585 559 1608 et
580 1579 677 1619 plebis
697 1578 935 1609 benevolentiam
958 1588 1030 1618 cap-

142 1625 214 1650 tare.
239 1621 344 1660 Hujus
359 1632 428 1662 quae
443 1621 487 1651 vis
502 1621 603 1669 fuerit,
617 1632 655 1652 ex
670 1622 725 1652 Or.
742 1632 796 1662 pro
811 1621 922 1656 Balbo
937 1631 962 1651 c.
973 1622 1027 1657 24,

139 1661 269 1704 intelligi
290 1670 397 1705 potest.
427 1664 560 1706 Nempe,
577 1664 603 1696 si
617 1664 686 1706 quis
705 1675 721 1696 e
744 1664 830 1696 sociis
850 1663 968 1695 Latinis
983 1673 1030 1694 se-
