1122 1868
178 98 237 129 184
388 98 537 130 INDEX
560 98 844 132 HISTORICUS.

175 184 391 216 occurrendum
417 186 552 226 putarit.
587 186 619 216 in
646 196 680 216 eo
703 185 817 216 ridetur
846 196 864 216 a
893 185 1059 217 Carneade.

175 226 248 258 Fin.
267 228 295 263 Ι,
315 228 362 258 11.
383 229 447 267 ejus
474 229 602 259 sedentis
628 235 727 258 statua
752 229 887 269 porrecta
909 239 1000 259 manu
1025 229 1057 259 in

177 268 334 300 Ceramico
349 271 422 312 quid
438 271 484 311 sig
472 272 609 302 rniflcet?
635 271 698 307 ΙΙΙ,
715 273 765 301 220.
781 271 884 301 omnia
897 271 1057 302 hominum

174 323 265 344 causa
280 323 343 343 esse
357 320 427 344 nata
442 314 493 344 dix
496 315 526 344 it.
553 315 580 344 T
584 325 645 344 use
665 316 691 351 Ι,
709 315 759 343 45.
770 314 801 343 in
817 314 899 344 omni
914 314 1061 344 memoria

175 356 318 386 curiosus.
342 357 416 386 Nat.
430 357 470 386 D.
489 357 516 393 Ι,
533 358 584 387 3-1.
600 368 617 387 a
633 358 755 387 Zenone
769 357 917 397 Epicureo
931 356 1059 398 Chesip-

174 408 233 438 pus
259 398 375 429 dicitur.
406 399 454 437 ΙΙ,
480 402 530 429 64.
555 400 651 440 porcis
675 400 808 429 animam
833 410 888 440 pro
908 400 970 430 sale
996 410 1059 430 esse

175 441 257 472 dicit.
276 441 313 471 de
328 441 400 472 Div.
417 443 446 479 Ι,
473 443 520 473 19.
537 443 655 482 collegit
677 442 910 472 innumerabilia
925 443 1056 478 oracula,

174 494 230 514 nec
253 484 352 514 ullum
372 485 434 515 sine
455 485 604 525 lccuplete
624 492 743 515 auctore
764 491 816 514 aut
837 491 919 516 teste.
943 486 990 523 ΙΙ,
1010 485 1060 514 15.

174 527 289 563 statuit,
317 527 355 557 ad
384 527 512 557 hostiam
537 527 738 567 deligendam,
769 527 877 557 ducem
904 538 966 558 esse
995 528 1057 558 vim

173 570 340 610 quamdam
356 571 531 600 sentientem
555 577 645 610 atque
666 571 811 605 divinam,
828 581 897 610 quae
912 577 973 600 toto
989 580 1060 600 con-

173 613 242 642 fusa
256 612 372 642 mundo
385 613 431 643 sit.
456 613 522 642 Fat.
539 614 569 642 4.
586 614 651 651 ejus
666 612 776 653 laquei.
797 613 870 642 ibid.
891 614 937 643 10.
954 623 1058 643 omnes

171 665 278 685 nervos
302 655 465 691 contendit,
486 661 520 684 ut
540 655 729 695 persuadeat,
757 664 846 684 omne
871 657 983 695 αξιωμα
1006 663 1060 686 aut

173 708 279 729 verum
295 708 358 727 esse
372 703 425 727 aut
440 698 562 727 falsum.
586 698 649 727 Off.
672 698 739 734 ΙΙΙ,
764 698 811 727 10.
831 698 895 736 ejus
910 698 981 728 scite
997 698 1058 729 dic-

170 746 249 771 tum.
273 741 315 770 N.
333 740 374 770 D.
392 741 420 778 Ι,
443 741 487 770 15.
504 741 568 779 ejus
582 741 650 770 libri
666 740 727 770 duo
741 740 778 769 de
789 740 897 770 natura
907 740 1056 778 Deorum,

172 784 277 824 quales
297 783 356 813 sint
375 782 412 813 de
429 783 496 813 Diis
517 783 678 813 sententiae.
709 782 780 812 Div.
806 783 832 820 I,
856 784 886 812 3.
905 789 998 813 totam
1021 784 1058 814 de

172 826 356 856 divinatione
371 826 489 856 duobus
504 826 587 856 libris
603 825 763 865 explicavit
779 825 954 856 sententiam
969 837 978 861 ;
995 837 1058 857 uno

172 875 315 910 praeterea
330 869 367 899 de
383 869 528 903 oraculis;
553 878 615 898 uno
630 869 667 898 de
681 868 815 898 somniis.
838 869 885 905 ΙΙ,
909 870 958 898 65.
981 869 1058 899 liber

172 913 248 951 ejus.
272 911 340 941 Fin.
362 911 422 949 IV,
439 913 469 942 3.
490 912 605 952 scripsit
619 911 807 950 rhetoricam,
820 921 872 941 seu
888 911 989 952 potius
1003 913 1058 942 ob-

173 955 361 985 mutescendi
375 961 480 984 artem.

217 997 405 1037 Chrysippus,
422 998 488 1028 Att.
504 997 584 1034 VII,
602 999 631 1027 2.
647 998 771 1028 libertus
788 996 940 1028 Ciceronis
955 997 1057 1028 litera-

170 1046 230 1077 tus,
247 1040 372 1071 discedit
386 1051 404 1071 a
418 1041 481 1071 filio
498 1040 652 1079 Cicerone,
665 1041 696 1071 in
712 1040 885 1070 servitutem
900 1047 1058 1081 propterea.

170 1089 325 1114 retractus.
349 1083 412 1122 XI,
426 1085 455 1114 2.

216 1127 427 1166 Chrysogonus,
444 1127 476 1157 V
477 1137 532 1157 err.
550 1125 595 1164 II,
609 1127 660 1156 36.
673 1126 748 1156 servi
760 1135 879 1155 nomen.
895 1135 950 1166 pro
965 1126 1056 1156 Rosc.

171 1169 244 1200 Am.
262 1179 349 1209 saepe.
373 1169 430 1200 Est
443 1170 568 1200 libertus
583 1169 730 1209 gratiosus
745 1168 849 1199 Sullae.
874 1168 924 1198 De
940 1178 974 1198 eo
994 1169 1056 1200 vid.

172 1212 254 1243 Plin.
269 1211 413 1250 XXXV,
433 1213 481 1242 18.

216 1256 377 1285 Cicerones.
402 1255 451 1285 De
468 1255 515 1285 his
534 1254 681 1295 legendus
698 1253 850 1285 Corradus
863 1254 895 1284 in
912 1254 1056 1293 Quaestu-

170 1309 216 1337 ra,
232 1297 286 1338 qui
302 1307 351 1328 eos
366 1305 502 1328 accurate
515 1297 714 1338 persequitur.

217 1341 272 1370 Cn.
293 1342 401 1376 cicero,
424 1342 489 1370 Att.
512 1340 540 1377 l,
566 1341 613 1370 16
638 1341 687 1370 Ita
707 1340 878 1381 appellabat
895 1340 981 1380 plebs
1001 1340 1056 1370 ali-

170 1382 292 1425 quando
309 1382 368 1414 Cn.
384 1383 582 1424 Pompeium,
599 1382 680 1423 quod
692 1383 782 1413 nimis
797 1381 974 1414 Ciceronem
989 1383 1058 1412 dili-

193 1432 263 1456 eret.

170 1438 191 1467 g
213 1469 252 1498 L.
271 1469 379 1504 Cicero,
396 1467 452 1499 Or.
470 1468 517 1506 II,
533 1468 561 1498 l.
585 1467 634 1497 M.
653 1468 807 1498 Ciceronis
823 1473 958 1508 patruus.
976 1467 1055 1506 Ejus

171 1512 253 1542 filius
270 1512 306 1541 L.
331 1511 436 1541 Cicero
455 1517 509 1548 est,
531 1512 598 1540 Att.
625 1510 652 1547 I,
669 1513 700 1539 5.
724 1510 866 1551 patruelis
891 1509 1054 1541 Ciceronis.

169 1554 255 1585 Eum
270 1554 402 1594 appellat
416 1553 551 1590 fratrem,
575 1563 614 1583 sc.
634 1553 820 1593 patruelem:
844 1553 916 1582 item
933 1553 1002 1583 Fin.
1013 1553 1055 1584 V.

170 1596 255 1627 Eum
281 1596 463 1626 exstinctum
488 1606 550 1626 esse
575 1596 617 1625 A.
635 1596 707 1625 685.
733 1595 839 1625 docent
858 1605 895 1624 ex
914 1595 967 1625 illo
989 1596 1055 1626 loco

170 1639 254 1681 (Att.
271 1637 298 1674 I,
321 1640 366 1675 5.)
389 1638 580 1678 Mongaltius
598 1638 646 1668 ad.
664 1638 684 1668 l.
707 1648 730 1668 c.
748 1645 776 1669 et
793 1638 974 1668 'l'unstallus
992 1639 1054 1679 Ep.

169 1682 208 1712 ad
223 1680 405 1711 Middleton.
421 1691 451 1721 p.
465 1682 579 1716 7-12.

208 1726 256 1754 M.
274 1725 373 1754 Cicero
387 1733 488 1753 senex.
504 1723 559 1754 Or.
578 1723 625 1759 II,
642 1723 692 1753 66.
717 1723 765 1753 M.
781 1723 880 1753 Tullii
897 1721 1052 1754 Ciceronis

167 1767 259 1800 nostri
275 1776 359 1803 avus,
383 1772 416 1796 ut
429 1765 513 1796 docet
529 1765 681 1796 Corradus
691 1766 722 1796 in
739 1766 910 1804 Quaesturiz.
