1122 1868
134 62 197 93 390
349 63 499 95 INDEX
522 64 693 97 HISTOR
699 66 809 97 ICUS.

178 148 220 177 M
225 147 233 159 '
255 149 402 185 Tuccius,
423 150 462 180 ad
482 149 553 180 Div.
570 150 671 189 VIII,
694 153 723 182 8.
740 157 859 183 accusat
878 150 916 181 C.
932 152 1019 183 Sem-

135 191 276 227 pronium
304 191 434 226 Rufum,
459 199 488 223 et
508 195 546 224 ab
569 194 674 224 eodem
698 201 863 225 accusatur.
886 195 925 225 V.
941 194 1023 225 Dra-

134 232 224 263 kenb.
241 234 278 263 ad
296 234 364 264 Liv.
385 236 455 275 epit.
473 237 523 265 20.

180 278 238 306 Cn.
261 279 307 307 Tu
312 279 420 315 licius·
434 278 554 308 s'luent.
572 279 621 314 70.
637 286 762 310 senator.

181 322 214 350 C.
241 322 430 357 Tudztcmus
452 331 468 351 e
485 322 681 362 Semproniis
706 324 795 353 Brut.
811 323 863 352 25.
884 323 1021 353 disertus.

135 363 187 393 De
211 363 436 393 Tuditanorum
461 371 561 403 gente,
589 375 618 395 v.
643 365 830 406 Rupertum‚
853 366 891 396 ad
921 366 1021 396 Xaler.

134 406 184 436 M.
204 404 265 440 IX,
283 408 312 435 5.
335 416 365 445 p.
383 408 456 436 542.

177 450 225 478 M.
252 450 445 486 Tudthanus
468 449 558 480 Brut.
580 453 628 480 18.
652 451 746 481 Tusc.
763 451 791 489 Ι,
811 452 837 481 1.
861 451 964 482 consul
981 451 1020 481 A.

179 537 218 565 P.
246 536 436 571 Tuditanus,
460 535 549 565 Brut.
573 538 621 565 15.
644 535 693 566 M.
710 536 800 566 Corn.
819 534 946 576 Cethegi
961 537 1022 567 col-

132 578 201 617 lega
223 577 255 607 in
279 578 437 607 consulatu
463 578 517 611 (A.
545 580 634 616 549.)
655 578 763 608 deinde
788 578 877 608 etiam
901 579 932 609 in
953 589 1022 609 cen-

134 632 214 652 sura.

184 664 374 699 Tuditanus,
390 663 563 701 Acad.1V,
579 666 629 694 27.
646 664 744 694 affinis
760 664 873 700 Catuli,
887 663 1020 694 insanus.

135 706 215 737 Phil.
232 705 295 741 ΙΙΙ.
313 708 341 735 (ἶ.
359 717 432 735 avus
456 707 584 743 Fuivste,
601 707 728 737 Antonii
746 707 868 741 uxor-ist,
893 707 959 745 ejus
973 707 1021 736 in-

134 750 227 780 sania.
254 750 295 778 V.
311 749 417 778 Valer.
434 749 481 779 M.
494 748 575 784 VII,
589 750 618 779 8.
636 756 665 779 et
677 749 718 779 ibi
732 749 934 779 Perizonium.

176 794 222 822 M.
239 793 350 829 Tugia,
365 792 454 821 Balh.
468 794 519 822 20.
536 792 653 822 videtur
666 792 692 821 ei
707 792 785 830 juris
796 792 875 832 parti
885 801 916 821 se
931 802 1020 822 max-

133 836 194 866 ime
209 834 335 869 dedisse,
352 845 420 872 quae
436 840 479 864 est
494 834 531 864 de
543 835 611 873 jure
623 834 868 874 aquaeductuum.

177 880 215 909 P.
240 879 352 912 Tullio,
371 878 476 917 Syrus,
494 877 571 907 Har.
589 878 680 916 Resp.
701 880 727 906 1.
744 877 858 907 amicus
872 875 982 908 Clodii.

177 923 215 952 L.
238 922 390 956 Tulleius,
406 920 443 949 ad
460 920 531 950 Div.
548 920 623 955 XV,
641 921 670 949 4.
689 919 805 959 legatus
822 919 974 951 Ciceronis
988 921 1020 950 in

135 963 254 999 Cilicia,
278 964 331 1003 qui
353 963 496 993 omnibus
519 962 585 992 aliis
610 962 682 992 locis
709 962 848 992 scribitur
877 963 1021 993 Tullius.-

132 1009 213 1039 idem
230 1016 299 1035 cum
317 1012 468 1046 sequente.

177 1052 216 1081 L.
239 1050 374 1083 Tullius,
391 1048 478 1077 Verr.
503 1046 543 1081 V,
565 1048 613 1077 ll.
630 1046 720 1076 frater
736 1046 784 1077 M.
801 1047 952 1078 Ciceronis
966 1059 1021 1087 pa-

133 1091 249 1127 ‘truelis5
266 1100 357 1130 quem
379 1099 480 1119 secum
502 1089 534 1119 in
551 1090 653 1120 Sicilia
669 1089 788 1126 habuit,
805 1100 874 1120 cum
895 1090 926 1120 in
943 1091 1021 1121 Ver-

133 1144 197 1164 rem
213 1132 386 1173 inquireret.
411 1132 477 1162 Att.
489 1132 533 1170 V,
543 1135 574 1163 4.
587 1138 616 1162 et
626 1134 676 1162 21.
693 1132 811 1172 legatus
821 1133 972 1163 Ciceronis
987 1133 1019 1164 in

133 1176 249 1207 cilicie.

172 1220 214 1250 L.
238 1219 361 1249 Tullius
379 1218 563 1253 Montanus,
581 1218 649 1248 Att.
666 1215 747 1255 XII,
765 1219 816 1247 52.
842 1228 913 1248 cum
929 1218 1015 1249 Cice-

130 1272 203 1293 rone
218 1261 280 1291 filio
297 1261 432 1291 Athenas
447 1260 652 1301 proficiscitur.

174 1306 227 1335 M.
253 1305 378 1334 Tullt'us
403 1304 541 1339 Laurea,
563 1303 631 1333 Att.
656 1301 699 1340 V,
723 1303 753 1332 4.
778 1302 878 1341 XIII,
901 1305 954 1334 22.
976 1304 1015 1335 ad

131 1347 205 1378 Div.
221 1347 264 1382 V,
277 1348 329 1376 90.
345 1346 440 1376 scriba
456 1346 617 1376 Ciceronis.

174 1391 220 1420 Μ
243 1390 368 1420 Tullius
382 1389 519 1425 Decula
544 1389 647 1418 Plane.
665 1390 716 1419 21.
738 1387 897 1419 aediliciam
914 1390 1016 1430 repul-

131 1443 196 1463 sam
211 1432 291 1462 tulit.
315 1432 393 1471 Agr.
409 1431 454 1467 ΙΙ,
471 1433 518 1461 14.
535 1431 639 1461 consul
651 1441 721 1461 cum
737 1431 795 1461 Cn.
808 1432 959 1469 Cornelio,
973 1432 1015 1462 A.

131 1477 192 1510 67-
174 1477 203 1505 ³.
228 1475 323 1506 Hunc
338 1480 425 1514 putat
440 1484 501 1504 esse
517 1474 668 1513 Sigonius
687 1483 778 1514 quem
795 1473 900 1504 Cicero
915 1474 1019 1504 defen-

130 1518 175 1548 dit
190 1527 275 1548 reum
291 1517 328 1547 de
338 1517 449 1547 vitex
464 1527 526 1557 qua
541 1516 673 1546 oratione
684 1527 782 1557 pauca
792 1516 960 1557 fragmenta
969 1527 1016 1547 re-

128 1566 218 1632 stain?
232 1603 367 1639 Tedhus,
384 1603 422 1633 ad
438 1602 478 1640 Q.
496 1601 547 1632 Fr.
565 1601 612 1639 ΙΙ,
629 1604 661 1632 3.
678 1602 812 1642 postulat
822 1600 961 1632 Sextium
977 1602 1015 1632 de

127 1646 168 1677 vi.
191 1644 261 1685 Ipse
276 1645 379 1675 Cicero
394 1646 498 1683 nescit,
514 1644 567 1686 qui
582 1644 629 1674 sit.

170 1689 211 1718 M
216 1688 224 1702 ’
254 1688 388 1723 Tullius,
420 1688 509 1718 Brut.
542 1690 589 1718 16.
614 1686 768 1727 patricius,
803 1687 907 1717 consul
938 1697 1009 1718 cum

127 1730 272 1772 Sulpicio,
290 1731 332 1761 A.
350 1731 387 1760 10
402 1736 470 1771 post
483 1740 566 1770 reges
582 1735 708 1760 exactos.
