1137 1848
305 46 455 78 INDEX
479 46 766 80 HISTORICUS.
911 47 974 82 373

89 133 235 163 statuerit.
256 131 320 164 Off.
348 133 378 170 I,
403 137 454 164 22.
480 134 679 174 Areopagitas
702 132 866 164 constituit.
898 133 977 173 Leg.

89 172 136 212 ΙΙ,
153 179 205 206 23.
217 179 269 206 25.
285 178 336 205 26.
352 177 417 215 ejus
425 177 475 207 lex
491 176 528 206 de
542 176 714 217 sepulturis.

134 219 266 256 Sopater,
282 218 372 248 Verr.
386 219 453 256 ΙΙΙ,
471 221 521 249 28.
540 219 742 259 HalicyensiS.

131 262 267 300 Sopater,
284 261 371 291 Verr.
391 261 434 298 V,
451 263 501 293 39.
519 262 756 302 Tyndaritanus.

129 304 293 342 Sophocles,
310 304 373 335 Off.
391 305 419 341 I,
431 307 482 335 40.
495 315 512 334 a
529 305 643 334 Pericle
659 304 773 344 collega
788 304 818 334 in
839 304 971 345 praetura

83 346 323 385 reprehenditur,
340 347 422 387 quod
438 348 600 388 pulchrum
615 357 745 387 puerum
761 347 968 378 admiraretur.

85 387 159 418 Div.
179 388 207 426 Ι,
224 391 275 419 25.
298 390 388 430 po'eta
402 390 541 420 divinus:
565 390 596 420 in
621 389 732 420 somnis
759 390 833 420 vidit
850 391 970 420 Hercu-

83 431 145 461 lem
160 431 320 467 dicentem,
337 433 405 473 quis
420 439 554 473 pateram
567 443 653 463 suam
669 443 791 462 auream
807 433 969 473 surripuis-

83 479 136 503 set.
160 474 212 504 Ex
229 474 284 505 Or.
306 475 336 511 l,
363 475 491 515 intelligi
514 481 622 516 potest,
647 474 823 506 Ciceronem
850 475 967 516 Sopho-

83 516 159 546 clem
175 527 230 557 pro
245 517 379 558 principe
395 519 575 558 tragicorum
590 518 740 548 habuisse.

128 561 287 597 Sophocles,
303 561 391 590 Verr.
409 560 468 599 IV,
486 562 537 591 88.
564 561 793 602 Agrigentinus,
816 561 908 591 horno
923 560 969 591 di-

81 607 176 631 sertus
192 609 221 633 et
236 603 350 634 doetus.

128 646 253 684 Sopolis,
266 648 334 675 Att.
352 645 413 684 IV,
433 647 481 677 16.
496 646 590 687 pictor
603 646 717 677 celeber
732 652 866 686 tempore
882 646 968 676 Cice-

83 687 174 717 ronis.
199 689 304 727 Hujus
319 689 409 719 etiam
426 690 539 719 mentio
555 690 636 730 apud
652 690 732 719 Plin.
754 689 897 725 XXXV,
917 692 966 718 11.

83 729 143 760 Sed
158 730 200 761 ibi
215 732 307 771 vulgo
328 733 457 771 Sopylus
471 732 598 763 dicitur:
624 738 653 763 et
673 732 715 762 sie
733 732 838 762 laudat
852 732 873 762 J
877 732 967 762 unius

82 771 113 801 in
131 771 288 814 Catalogo,
304 785 336 814 p.
348 776 400 804 21.
416 776 473 805 ἃς.

126 816 282 856 Sosimms,
305 817 392 848 Verr.
410 817 476 855 ΙΙΙ,
496 819 525 849 9.
552 816 763 858 Agyrinensis,
783 816 874 847 frater
889 817 966 858 Epi-

81 858 178 889 cratis.

123 903 288 939 Sositenus,
301 902 389 934 Verr.
406 903 456 933 IV
458 926 467 940 ,
485 905 535 934 85.
558 903 742 934 Entellinus.

124 946 295 981 Sositheus,
310 947 380 977 Att.
396 946 424 985 I,
449 951 497 977 12.
525 957 627 977 servus
650 951 828 987 anagnostes
845 945 965 977 Cicero-

78 999 134 1020 nis.

125 1033 161 1063 C.
187 1031 300 1069 Sosius,
321 1032 391 1062 Att.
417 1030 514 1069 VIII,
531 1032 561 1063 6.
585 1038 706 1072 praetor,
732 1031 866 1062 Lentulo
881 1038 910 1062 et
926 1032 963 1063 C.

79 1075 227 1106 Marcello
243 1085 315 1105 coss.
332 1075 405 1105 Fuit
419 1081 549 1115 quaestor
564 1075 614 1105 Μ’
631 1075 751 1116 Lepidi.

125 1119 161 1154 Q.
179 1119 296 1155 Sosius,
321 1118 395 1148 Nat.
422 1118 465 1148 D.
487 1117 555 1155 III,
572 1118 624 1148 30.
651 1128 742 1159 eques
765 1118 897 1148 Roman.
925 1128 962 1148 ex

80 1171 152 1202 agro
168 1160 290 1195 Piceno,
305 1161 491 1191 tabularium
506 1160 648 1191 incendit.

122 1206 287 1241 Sostratus,
303 1203 390 1234 Verr.
407 1203 468 1241 IV,
483 1206 537 1233 23.
556 1203 784 1243 Centuripinus.

122 1248 222 1285 Sosus,
239 1246 334 1277 Acad.
356 1245 417 1285 IV,
434 1247 463 1277 4.
488 1246 564 1277 liber
577 1246 724 1277 Antiochi
739 1251 842 1277 contra
857 1246 963 1277 Philo-

75 1300 156 1321 nem.

122 1334 277 1364 sotericus
299 1334 453 1369 Illarcius,
470 1332 559 1363 Balb.
573 1333 623 1362 25.
637 1331 828 1362 Tiburtinus.
850 1331 962 1362 Soteri-

78 1386 149 1406 cum
171 1376 290 1406 malum
316 1375 461 1406 artificem
486 1381 636 1405 memorat
656 1375 778 1412 Seneca,
802 1385 851 1416 ap.
879 1374 959 1405 Gen.

77 1418 159 1456 XII,
176 1422 206 1449 2.

121 1464 302 1501 Spartacus,
319 1461 397 1492 Har.
413 1461 505 1502 Resp.
526 1465 574 1492 12.
590 1462 648 1492 διε.
668 1460 733 1492 dux
747 1460 959 1502 fugitivorum,

76 1504 131 1546 qui
142 1505 257 1535 bellum
273 1505 379 1535 servile
393 1504 566 1534 commovit.

120 1549 277 1587 Splzoerus,
291 1548 385 1578 Tusc.
398 1546 459 1583 IV,
475 1550 527 1577 24.
541 1547 678 1582 St0·1'cus;
696 1548 761 1586 ejus
775 1546 962 1577 definitiones

77 1590 251 1625 laudantur,
275 1596 304 1620 et
319 1592 357 1621 ab
367 1590 432 1630 ipso
445 1590 587 1620 Cicerone
599 1590 787 1620 adhibentur.
810 1590 963 1629 Bospora-

79 1643 148 1670 nus,
166 1633 296 1664 Zenonis
311 1633 414 1664 Cittiei
433 1633 598 1674 discipulus
610 1642 671 1662 non
690 1632 826 1663 ultimus.
858 1632 907 1662 De
928 1642 963 1662 eo

81 1687 111 1706 v.
128 1676 231 1707 Lae'rt.
249 1675 328 1713 VII,
347 1676 417 1711 177.
434 1676 574 1706 Torrent.
589 1676 627 1706 ad
643 1676 726 1706 Suet.
741 1675 827 1715 Aug.
846 1676 897 1706 89.

122 1720 323 1758 Speusippus,
334 1718 432 1749 Acad.
446 1717 474 1757 I,
490 1721 520 1748 4.
548 1718 683 1750 Platonis
694 1728 733 1748 ex
747 1728 846 1748 sorore
860 1727 966 1758 nepos·

118 1763 264 1798 (Claviae.)
689 1765 708 1791 2
726 1769 747 1790 K
