1137 1848
331 72 483 104 INDEX
506 73 539 104 H
545 72 793 106 [STORICUS.
939 75 1003 106 329

117 164 199 190 tatur
222 169 241 190 a
261 158 310 190 M.
336 159 446 200 Pupio.
467 158 555 189 Verr.
582 160 630 197 II,
659 163 706 190 14.
729 166 859 201 quaestor
884 160 920 190 L.
937 161 1002 191 Sci-

115 203 213 243 pionis
244 202 384 239 Asiatici,
410 202 571 242 pecuniam
598 203 752 243 publicam
783 213 843 233 non
868 204 1000 244 attingit,

114 245 198 285 quod
213 256 231 275 a
245 245 394 286 Scipionis
409 245 546 285 partibus
555 245 757 276 dissentiebat.
776 247 881 277 Plane.
899 247 950 276 2l.
967 247 999 276 in

113 288 257 319 aedjlitate
271 288 401 329 petenda
415 288 568 328 repulsam
583 288 650 318 fert.
675 289 773 319 Flacc.
788 293 817 320 3.
840 289 999 329 Hispaniae

112 336 231 371 praetor.
256 333 319 362 Att.
347 331 376 367 I,
401 334 449 361 13.
465 331 580 361 amicus
607 330 707 362 Clodii
727 342 849 372 operam
872 333 935 367 dat,
962 338 998 362 ut

111 374 227 414 rogatio
250 374 287 404 de
303 374 392 405 sacris
408 374 524 404 violatis
544 374 727 415 antiquetur.
748 375 820 405 ibid.
842 378 888 405 14.
910 375 997 405 valde

111 416 348 456 reprehenditur.
364 416 441 448 ibid.
453 418 501 446 l6.
527 415 678 448 Ciceronis
690 418 780 458 opera
796 418 915 459 Syriam
928 429 998 457 pro-

110 459 240 489 vinciam
264 460 388 497 amittit,
416 470 510 501 quam
534 470 586 500 spe
610 461 675 499 jam
701 467 891 501 praeceperat.
915 460 997 490 Phil.

109 500 174 540 ΙΙΙ,
193 505 239 533 10.
255 504 452 543 provinciam,
470 503 526 533 sibi
540 504 578 533 ab
593 504 731 533 Antonio
745 504 934 539 attributam,
950 514 997 534 re-

108 551 201 575 cusat.
227 545 283 576 Or.
308 545 336 583 I,
354 548 404 576 22.
429 545 609 586 eloquentiae
627 546 799 582 studiosus;
825 557 926 576 secum
942 547 998 576 ha-

108 589 159 618 bet
186 590 321 619 Staseam
346 588 591 629 Peripateticum.
622 589 712 618 Brut.
740 590 791 619 64.
821 590 872 619 66.
897 589 996 629 qualis

107 637 216 661 orator.
240 632 309 661 Fin.
327 632 388 669 IV,
407 632 458 662 26.
474 632 589 661 Stoicos
605 631 698 661 facete
713 632 797 662 ridet.
814 632 886 661 ibid.
904 632 946 669 V,
968 636 995 662 l.

109 674 182 703 Nat.
200 674 242 704 D.
262 675 290 712 I,
308 676 337 710 7.
362 674 588 715 Peripateticus.
612 674 722 715 Itaque
739 674 892 705 inducitur
912 681 995 705 utro-

109 727 170 756 que
184 717 249 747 loco
272 717 427 758 explicans
443 716 591 747 rationem
607 717 844 758 Peripateticam
859 717 896 748 de
911 727 996 748 sum-

106 769 158 788 mo
181 761 272 795 bono,
300 766 329 791 et
354 760 463 790 natura
484 759 634 789 Deorum.
658 760 707 790 De
727 760 833 790 eodem
858 761 994 801 intellige

107 801 209 832 locum
226 803 308 833 Phil.
325 803 372 839 Π,
389 807 439 834 25.
457 803 526 833 Cos.
542 802 602 832 fuit
615 806 658 832 A.
675 803 748 833 692.

149 847 347 882 Pitlzaratus,
365 847 433 877 Fat.
456 848 486 877 9.
502 845 613 876 archon
628 845 837 885 Atheniensis,
858 847 915 876 sub
931 856 992 886 quo

105 887 258 928 Epicurus
272 896 411 920 mortuus
426 895 478 920 est.

147 933 303 970 Pittacus,
319 933 449 974 sapiens,
466 932 522 963 Or.
540 930 605 969 III,
625 934 675 962 15.
691 931 766 972 Leg.
784 932 832 969 ΙΙ,
848 932 900 961 26.

147 976 329 1013 Pituanius,
354 976 420 1006 Att.
446 974 506 1013 IV,
535 975 583 1004 15.
611 975 703 1005 homo
732 974 932 1015 pereruditus,
962 980 991 1006 et

104 1016 218 1048 Graecis
233 1018 327 1048 literis
342 1018 474 1056 deditus,
490 1018 648 1048 familiaris
663 1017 769 1048 Attici.

146 1060 186 1090 L.
205 1062 383 1099 Ploetorz'us,
400 1062 522 1091 Cluent.
539 1061 590 1090 60.
606 1067 734 1090 senator.

145 1104 192 1133 M.
206 1105 384 1141 Plaetorins,
397 1104 445 1133 M.
459 1104 496 1133 F.
515 1104 692 1139 Cestiamcs,
706 1103 795 1133 Font.
805 1105 835 1134 5.
848 1102 897 1133 M.
908 1103 934 1133 F
936 1113 990 1133 on-

102 1145 198 1176 teium
224 1152 353 1177 accusat.
380 1146 501 1177 Cluent.
527 1147 578 1175 45.
606 1145 702 1176 aedffls
725 1147 836 1177 curulis
863 1156 933 1176 cum
952 1147 989 1176 C.

102 1188 264 1219 Flaminio.
292 1189 366 1219 ibid.
392 1190 442 1219 53.
468 1195 578 1229 praetor
601 1198 671 1218 cum
687 1188 841 1219 Cicerone.
864 1189 914 1219 De
931 1189 989 1219 hoc

99 1231 177 1262 forte
200 1232 382 1273 capiendum
406 1236 428 1250 “
443 1231 661 1262 Plaetorianum
681 1231 877 1261 incendium''
901 1232 945 1265 (h.
962 1242 988 1262 e.

100 1274 272 1314 damnatio)
290 1275 329 1304 ad
345 1275 412 1304 Att.
429 1275 472 1312 V,
490 1278 531 1304 20
545 1286 554 1310 ς
579 1284 640 1314 quo
656 1274 747 1304 etiam
763 1275 849 1305 Seius
865 1276 989 1305 ambus-

100 1322 150 1347 tus
165 1323 220 1354 est,
237 1324 407 1358 propterea,
424 1318 507 1358 quod
527 1317 564 1348 de
579 1317 705 1347 residuis
720 1316 751 1346 in
763 1317 915 1356 judicium
935 1327 989 1348 vo-

97 1365 182 1390 catus
198 1366 283 1390 esset.
304 1361 355 1390 Ex
381 1371 442 1401 quo
458 1360 577 1400 colligo,
602 1359 639 1389 de
663 1360 837 1400 repetundis
860 1360 987 1391 damna-

97 1408 166 1432 tum
192 1413 254 1433 esse
279 1403 481 1439 Plaetorium,
506 1403 589 1443 quod
614 1403 645 1432 in
672 1403 754 1432 hunc
779 1403 893 1443 optime
916 1413 987 1434 con-

97 1445 191 1483 venit,
219 1446 273 1487 qui
297 1452 364 1486 post
386 1452 551 1486 praeturam
575 1445 674 1486 potuit
697 1445 883 1485 provinciam
909 1446 988 1476 obti-

94 1488 204 1518 nuisse.
235 1489 368 1519 Nummi
393 1489 487 1528 hujus
509 1488 643 1518 Plaetorii
664 1488 783 1519 aedilicii
804 1489 886 1520 obvii
904 1494 985 1519 sunt.

98 1530 138 1561 V.
156 1530 278 1561 Valent.
293 1532 324 1561 in
340 1532 365 1561 F
368 1532 451 1562 amil.
475 1532 627 1562 Plaetoria.

140 1575 360 1615 Phagiosippus,
397 1574 533 1604 Herenn.
571 1574 631 1612 IV,
659 1577 711 1605 31.
736 1574 896 1605 Variantes
925 1575 986 1605 lec-

95 1615 192 1647 tiones
216 1617 248 1647 in
270 1617 328 1648 hoc
343 1617 467 1647 nomine
491 1617 609 1653 docent,
631 1628 726 1657 quam
740 1617 772 1647 in
796 1627 831 1648 eo
844 1618 987 1648 haeserint

96 1658 220 1689 librarii.
245 1659 426 1700 Interpretes
438 1660 562 1700 quidem
578 1660 616 1690 L.
629 1660 808 1701 Philippum
824 1660 986 1692 Oratorem

96 1701 260 1742 significari
275 1708 385 1744 putant
400 1703 456 1734 hoc
470 1703 601 1734 nomine.

675 1748 694 1777 2
712 1756 731 1777 r
750 1749 768 1778 3
