<?xml version="1.0" encoding="UTF-8"?>
<!DOCTYPE html PUBLIC "-//W3C//DTD XHTML 1.0 Transitional//EN"
    "http://www.w3.org/TR/xhtml1/DTD/xhtml1-transitional.dtd">
<html xmlns="http://www.w3.org/1999/xhtml" xml:lang="en" lang="en">
 <head>
  <title>
</title>
<meta http-equiv="Content-Type" content="text/html;charset=utf-8" />
  <meta name='ocr-system' content='tesseract 3.04.00' />
  <meta name='ocr-capabilities' content='ocr_page ocr_carea ocr_par ocr_line ocrx_word'/>
</head>
<body>
  <div class='ocr_page' id='page_1' title='image "./operaern12ciceuoft_0198.png"; bbox 0 0 1122 1868; ppageno 0'>
   <div class='ocr_carea' id='block_1_1' title="bbox 154 71 817 107">
    <p class='ocr_par' dir='ltr' id='par_1_1' title="bbox 154 71 817 107">
     <span class='ocr_line' id='line_1_1' title="bbox 154 71 817 107; baseline 0 -2"><span class='ocrx_word' id='word_1_1' title='bbox 154 75 213 105; x_wconf 84' lang='grc'><strong>186</strong></span> <span class='ocrx_word' id='word_1_2' title='bbox 364 71 509 106; x_wconf 86' lang='lat' dir='ltr'>INDEX</span> <span class='ocrx_word' id='word_1_3' title='bbox 534 76 563 106; x_wconf 92' lang='lat' dir='ltr'><strong>H</strong></span> <span class='ocrx_word' id='word_1_4' title='bbox 572 76 817 107; x_wconf 71' lang='lat' dir='ltr'><strong>IsTORwUs.</strong></span> 
     </span>
    </p>
   </div>
   <div class='ocr_carea' id='block_1_2' title="bbox 159 159 1061 1782">
    <p class='ocr_par' dir='ltr' id='par_1_2' title="bbox 159 159 1044 282">
     <span class='ocr_line' id='line_1_2' title="bbox 159 159 1044 202; baseline -0.001 -11"><span class='ocrx_word' id='word_1_5' title='bbox 159 170 217 191; x_wconf 83' lang='lat' dir='ltr'><strong>cos.</strong></span> <span class='ocrx_word' id='word_1_6' title='bbox 233 159 265 189; x_wconf 93' lang='lat' dir='ltr'><strong>in</strong></span> <span class='ocrx_word' id='word_1_7' title='bbox 281 160 381 189; x_wconf 82' lang='lat' dir='ltr'><strong>Senat.</strong></span> <span class='ocrx_word' id='word_1_8' title='bbox 398 170 419 200; x_wconf 89' lang='lat' dir='ltr'><strong>p</strong></span> <span class='ocrx_word' id='word_1_9' title='bbox 451 161 490 191; x_wconf 83' lang='lat' dir='ltr'><strong>R.</strong></span> <span class='ocrx_word' id='word_1_10' title='bbox 510 160 557 199; x_wconf 80' lang='lat'><strong>8.)</strong></span> <span class='ocrx_word' id='word_1_11' title='bbox 579 161 607 191; x_wconf 88' lang='lat' dir='ltr'><strong>vi</strong></span> <span class='ocrx_word' id='word_1_12' title='bbox 627 161 664 192; x_wconf 86' lang='lat' dir='ltr'><strong>de</strong></span> <span class='ocrx_word' id='word_1_13' title='bbox 682 161 747 192; x_wconf 86' lang='lat' dir='ltr'><strong>foro</strong></span> <span class='ocrx_word' id='word_1_14' title='bbox 764 161 936 202; x_wconf 74' lang='lat' dir='ltr'><strong>depellitur,</strong></span> <span class='ocrx_word' id='word_1_15' title='bbox 956 170 1044 201; x_wconf 81' lang='lat' dir='ltr'><strong>roga·</strong></span> 
     </span>
     <span class='ocr_line' id='line_1_3' title="bbox 160 201 1044 244; baseline 0.001 -12"><span class='ocrx_word' id='word_1_16' title='bbox 160 203 241 233; x_wconf 84' lang='lat' dir='ltr'><strong>tione</strong></span> <span class='ocrx_word' id='word_1_17' title='bbox 257 201 294 233; x_wconf 92' lang='lat' dir='ltr'><strong>C.</strong></span> <span class='ocrx_word' id='word_1_18' title='bbox 310 202 440 233; x_wconf 79' lang='lat' dir='ltr'>Fabricii</span> <span class='ocrx_word' id='word_1_19' title='bbox 460 204 497 233; x_wconf 89' lang='lat' dir='ltr'><strong>de</strong></span> <span class='ocrx_word' id='word_1_20' title='bbox 525 203 588 235; x_wconf 84' lang='lat' dir='ltr'><strong>Cic.</strong></span> <span class='ocrx_word' id='word_1_21' title='bbox 612 203 698 234; x_wconf 61' lang='lat' dir='ltr'><strong>fact&amp;-</strong></span> <span class='ocrx_word' id='word_1_22' title='bbox 723 204 830 234; x_wconf 78' lang='lat' dir='ltr'><strong>Plano.</strong></span> <span class='ocrx_word' id='word_1_23' title='bbox 854 207 905 234; x_wconf 80' lang='lat'><strong>31.</strong></span> <span class='ocrx_word' id='word_1_24' title='bbox 918 203 1044 244; x_wconf 84' lang='lat' dir='ltr'><strong>judicio,</strong></span> 
     </span>
     <span class='ocr_line' id='line_1_4' title="bbox 163 244 757 282; baseline 0 -6"><span class='ocrx_word' id='word_1_25' title='bbox 163 245 343 276; x_wconf 71' lang='lat' dir='ltr'>defendente</span> <span class='ocrx_word' id='word_1_26' title='bbox 359 244 513 282; x_wconf 74' lang='lat' dir='ltr'><strong>Cicerone,</strong></span> <span class='ocrx_word' id='word_1_27' title='bbox 530 247 757 276; x_wconf 84' lang='lat' dir='ltr'><strong>condemnatur.</strong></span> 
     </span>
    </p>

    <p class='ocr_par' dir='ltr' id='par_1_3' title="bbox 208 288 962 329">
     <span class='ocr_line' id='line_1_5' title="bbox 208 288 962 329; baseline 0.001 -12"><span class='ocrx_word' id='word_1_28' title='bbox 208 288 384 326; x_wconf 70' lang='lat' dir='ltr'><strong>Classicius,</strong></span> <span class='ocrx_word' id='word_1_29' title='bbox 402 288 484 318; x_wconf 87' lang='lat' dir='ltr'>Phil.</span> <span class='ocrx_word' id='word_1_30' title='bbox 500 290 543 326; x_wconf 89' lang='lat' dir='ltr'><strong>V,</strong></span> <span class='ocrx_word' id='word_1_31' title='bbox 560 290 590 319; x_wconf 80' lang='lat'><strong>6.</strong></span> <span class='ocrx_word' id='word_1_32' title='bbox 603 289 750 329; x_wconf 83' lang='lat' dir='ltr'>gladiator</span> <span class='ocrx_word' id='word_1_33' title='bbox 760 289 809 319; x_wconf 90' lang='lat' dir='ltr'><strong>M.</strong></span> <span class='ocrx_word' id='word_1_34' title='bbox 822 289 962 320; x_wconf 83' lang='lat' dir='ltr'><strong>Antonii.</strong></span> 
     </span>
    </p>

    <p class='ocr_par' dir='ltr' id='par_1_4' title="bbox 164 332 1049 499">
     <span class='ocr_line' id='line_1_6' title="bbox 210 332 1046 373; baseline 0.001 -12"><span class='ocrx_word' id='word_1_35' title='bbox 210 332 344 361; x_wconf 74' lang='lat' dir='ltr'><strong>Claudia</strong></span> <span class='ocrx_word' id='word_1_36' title='bbox 357 341 446 369; x_wconf 76' lang='lat' dir='ltr'><strong>gens,</strong></span> <span class='ocrx_word' id='word_1_37' title='bbox 468 332 593 372; x_wconf 85' lang='lat' dir='ltr'><strong>patricia</strong></span> <span class='ocrx_word' id='word_1_38' title='bbox 608 339 650 361; x_wconf 84' lang='lat' dir='ltr'><strong>est</strong></span> <span class='ocrx_word' id='word_1_39' title='bbox 667 332 839 373; x_wconf 88' lang='lat' dir='ltr'><strong>Appiorum</strong></span> <span class='ocrx_word' id='word_1_40' title='bbox 855 339 884 363; x_wconf 88' lang='lat' dir='ltr'><strong>et</strong></span> <span class='ocrx_word' id='word_1_41' title='bbox 898 332 1046 362; x_wconf 86' lang='lat' dir='ltr'><strong>Pulchro-</strong></span> 
     </span>
     <span class='ocr_line' id='line_1_7' title="bbox 164 373 1049 405; baseline 0 -1"><span class='ocrx_word' id='word_1_42' title='bbox 164 384 245 404; x_wconf 87' lang='lat' dir='ltr'><strong>rum.</strong></span> <span class='ocrx_word' id='word_1_43' title='bbox 269 373 320 403; x_wconf 88' lang='lat' dir='ltr'><strong>De</strong></span> <span class='ocrx_word' id='word_1_44' title='bbox 336 373 467 404; x_wconf 56' lang='lat' dir='ltr'><strong>Claudia</strong></span> <span class='ocrx_word' id='word_1_45' title='bbox 481 374 598 404; x_wconf 60' lang='lat' dir='ltr'><strong>familia</strong></span> <span class='ocrx_word' id='word_1_46' title='bbox 613 374 749 405; x_wconf 85' lang='lat' dir='ltr'><strong>videatur</strong></span> <span class='ocrx_word' id='word_1_47' title='bbox 769 375 930 405; x_wconf 86' lang='lat' dir='ltr'>Suetonius</span> <span class='ocrx_word' id='word_1_48' title='bbox 943 375 975 404; x_wconf 89' lang='lat' dir='ltr'><strong>in</strong></span> <span class='ocrx_word' id='word_1_49' title='bbox 991 374 1049 404; x_wconf 88' lang='lat' dir='ltr'><strong>Ti-</strong></span> 
     </span>
     <span class='ocr_line' id='line_1_8' title="bbox 164 416 1048 457; baseline -0.001 -9"><span class='ocrx_word' id='word_1_50' title='bbox 164 416 258 454; x_wconf 68' lang='lat' dir='ltr'><strong>berlo,</strong></span> <span class='ocrx_word' id='word_1_51' title='bbox 275 426 299 446; x_wconf 86' lang='lat' dir='ltr'><strong>c.</strong></span> <span class='ocrx_word' id='word_1_52' title='bbox 321 420 346 446; x_wconf 89' lang='grc'><strong>1.</strong></span> <span class='ocrx_word' id='word_1_53' title='bbox 373 416 423 446; x_wconf 93' lang='lat' dir='ltr'><strong>De</strong></span> <span class='ocrx_word' id='word_1_54' title='bbox 438 416 473 446; x_wconf 58' lang='lat' dir='ltr'><strong>eii</strong></span> <span class='ocrx_word' id='word_1_55' title='bbox 488 417 547 447; x_wconf 90' lang='lat' dir='ltr'><strong>vid.</strong></span> <span class='ocrx_word' id='word_1_56' title='bbox 565 417 728 457; x_wconf 83' lang='lat' dir='ltr'><strong>Spanhem.</strong></span> <span class='ocrx_word' id='word_1_57' title='bbox 744 417 782 447; x_wconf 88' lang='lat' dir='ltr'><strong>de</strong></span> <span class='ocrx_word' id='word_1_58' title='bbox 797 418 838 450; x_wconf 89' lang='lat' dir='ltr'><strong>V.</strong></span> <span class='ocrx_word' id='word_1_59' title='bbox 854 424 883 448; x_wconf 87' lang='lat' dir='ltr'><strong>et</strong></span> <span class='ocrx_word' id='word_1_60' title='bbox 895 418 930 448; x_wconf 93' lang='lat' dir='ltr'><strong>P.</strong></span> <span class='ocrx_word' id='word_1_61' title='bbox 948 417 990 447; x_wconf 92' lang='lat' dir='ltr'><strong>N.</strong></span> <span class='ocrx_word' id='word_1_62' title='bbox 1008 417 1048 448; x_wconf 88' lang='lat' dir='ltr'><strong>T.</strong></span> 
     </span>
     <span class='ocr_line' id='line_1_9' title="bbox 170 458 332 499; baseline 0 -10"><span class='ocrx_word' id='word_1_63' title='bbox 170 458 218 496; x_wconf 87' lang='lat'><strong>11,</strong></span> <span class='ocrx_word' id='word_1_64' title='bbox 236 470 265 499; x_wconf 91' lang='lat' dir='ltr'><strong>p.</strong></span> <span class='ocrx_word' id='word_1_65' title='bbox 281 462 332 489; x_wconf 77' lang='lat'><strong>48.</strong></span> 
     </span>
    </p>

    <p class='ocr_par' dir='ltr' id='par_1_5' title="bbox 166 500 1056 798">
     <span class='ocr_line' id='line_1_10' title="bbox 214 500 1052 544; baseline 0 -12"><span class='ocrx_word' id='word_1_66' title='bbox 214 503 361 537; x_wconf 79' lang='lat' dir='ltr'><strong>Claudia,</strong></span> <span class='ocrx_word' id='word_1_67' title='bbox 381 500 455 532; x_wconf 80' lang='lat' dir='ltr'><strong>Coel.</strong></span> <span class='ocrx_word' id='word_1_68' title='bbox 475 505 522 531; x_wconf 81' lang='lat'><strong>14.</strong></span> <span class='ocrx_word' id='word_1_69' title='bbox 547 502 683 543; x_wconf 86' lang='lat' dir='ltr'><strong>Harusp.</strong></span> <span class='ocrx_word' id='word_1_70' title='bbox 705 506 752 532; x_wconf 81' lang='lat'><strong>13.</strong></span> <span class='ocrx_word' id='word_1_71' title='bbox 776 503 874 544; x_wconf 84' lang='lat' dir='ltr'><strong>Appii</strong></span> <span class='ocrx_word' id='word_1_72' title='bbox 885 501 966 534; x_wconf 82' lang='lat' dir='ltr'><strong>Caeci</strong></span> <span class='ocrx_word' id='word_1_73' title='bbox 981 512 1052 544; x_wconf 91' lang='lat' dir='ltr'><strong>pro-</strong></span> 
     </span>
     <span class='ocr_line' id='line_1_11' title="bbox 166 544 1054 586; baseline 0.001 -12"><span class='ocrx_word' id='word_1_74' title='bbox 166 545 280 586; x_wconf 85' lang='lat' dir='ltr'><strong>genies,</strong></span> <span class='ocrx_word' id='word_1_75' title='bbox 304 544 481 586; x_wconf 83' lang='lat' dir='ltr'><strong>pudicitiam</strong></span> <span class='ocrx_word' id='word_1_76' title='bbox 505 546 621 585; x_wconf 85' lang='lat' dir='ltr'><strong>probat.</strong></span> <span class='ocrx_word' id='word_1_77' title='bbox 656 545 765 575; x_wconf 85' lang='lat' dir='ltr'>Filiam</span> <span class='ocrx_word' id='word_1_78' title='bbox 792 556 851 575; x_wconf 88' lang='lat' dir='ltr'><strong>non</strong></span> <span class='ocrx_word' id='word_1_79' title='bbox 876 545 980 581; x_wconf 85' lang='lat' dir='ltr'><strong>fuisse,</strong></span> <span class='ocrx_word' id='word_1_80' title='bbox 1002 545 1054 575; x_wconf 83' lang='lat' dir='ltr'><strong>sed</strong></span> 
     </span>
     <span class='ocr_line' id='line_1_12' title="bbox 167 587 1049 628; baseline 0 -10"><span class='ocrx_word' id='word_1_81' title='bbox 167 594 302 628; x_wconf 76' lang='lat' dir='ltr'><strong>neptem,</strong></span> <span class='ocrx_word' id='word_1_82' title='bbox 319 587 404 617; x_wconf 83' lang='lat' dir='ltr'><strong>docet</strong></span> <span class='ocrx_word' id='word_1_83' title='bbox 420 598 436 617; x_wconf 93' lang='lat' dir='ltr'><strong>e</strong></span> <span class='ocrx_word' id='word_1_84' title='bbox 451 594 622 628; x_wconf 88' lang='lat' dir='ltr'><strong>temporum</strong></span> <span class='ocrx_word' id='word_1_85' title='bbox 638 588 751 618; x_wconf 83' lang='lat' dir='ltr'><strong>ratione</strong></span> <span class='ocrx_word' id='word_1_86' title='bbox 760 587 929 618; x_wconf 86' lang='lat' dir='ltr'><strong>Abramius</strong></span> <span class='ocrx_word' id='word_1_87' title='bbox 945 588 983 618; x_wconf 86' lang='lat' dir='ltr'><strong>ad</strong></span> <span class='ocrx_word' id='word_1_88' title='bbox 993 588 1049 619; x_wconf 89' lang='lat' dir='ltr'><strong>Or.</strong></span> 
     </span>
     <span class='ocr_line' id='line_1_13' title="bbox 168 629 1053 671; baseline 0 -11"><span class='ocrx_word' id='word_1_89' title='bbox 168 641 223 671; x_wconf 89' lang='lat' dir='ltr'><strong>pro</strong></span> <span class='ocrx_word' id='word_1_90' title='bbox 240 629 346 666; x_wconf 85' lang='lat' dir='ltr'><strong>Coelio,</strong></span> <span class='ocrx_word' id='word_1_91' title='bbox 367 632 415 658; x_wconf 83' lang='lat'><strong>14.</strong></span> <span class='ocrx_word' id='word_1_92' title='bbox 436 630 590 660; x_wconf 84' lang='lat' dir='ltr'><strong>Vestalem</strong></span> <span class='ocrx_word' id='word_1_93' title='bbox 606 640 665 659; x_wconf 87' lang='lat' dir='ltr'><strong>non</strong></span> <span class='ocrx_word' id='word_1_94' title='bbox 678 630 780 667; x_wconf 79' lang='lat' dir='ltr'><strong>fuisse,</strong></span> <span class='ocrx_word' id='word_1_95' title='bbox 793 636 827 660; x_wconf 84' lang='lat' dir='ltr'><strong>ut</strong></span> <span class='ocrx_word' id='word_1_96' title='bbox 841 631 980 660; x_wconf 84' lang='lat' dir='ltr'>nonnulli</span> <span class='ocrx_word' id='word_1_97' title='bbox 992 637 1053 660; x_wconf 83' lang='lat' dir='ltr'><strong>tra-</strong></span> 
     </span>
     <span class='ocr_line' id='line_1_14' title="bbox 169 672 1056 710; baseline 0.001 -8"><span class='ocrx_word' id='word_1_98' title='bbox 169 672 272 702; x_wconf 69' lang='lat' dir='ltr'><strong>didere</strong></span> <span class='ocrx_word' id='word_1_99' title='bbox 295 672 343 702; x_wconf 90' lang='lat' dir='ltr'><strong>vel</strong></span> <span class='ocrx_word' id='word_1_100' title='bbox 369 672 587 709; x_wconf 70' lang='lat' dir='ltr'><strong>existimavere,</strong></span> <span class='ocrx_word' id='word_1_101' title='bbox 618 672 704 703; x_wconf 86' lang='lat' dir='ltr'><strong>docet</strong></span> <span class='ocrx_word' id='word_1_102' title='bbox 729 672 888 710; x_wconf 87' lang='lat' dir='ltr'><strong>Dukerus,</strong></span> <span class='ocrx_word' id='word_1_103' title='bbox 918 673 957 703; x_wconf 83' lang='lat' dir='ltr'><strong>ad</strong></span> <span class='ocrx_word' id='word_1_104' title='bbox 983 673 1056 704; x_wconf 85' lang='lat' dir='ltr'><strong>Liv.</strong></span> 
     </span>
     <span class='ocr_line' id='line_1_15' title="bbox 169 714 1055 756; baseline 0 -10"><span class='ocrx_word' id='word_1_105' title='bbox 169 715 301 753; x_wconf 80' lang='lat' dir='ltr'>XXIX,</span> <span class='ocrx_word' id='word_1_106' title='bbox 333 717 379 745; x_wconf 86' lang='lat'><strong>14.</strong></span> <span class='ocrx_word' id='word_1_107' title='bbox 406 714 530 745; x_wconf 86' lang='lat' dir='ltr'><strong>Dicitur</strong></span> <span class='ocrx_word' id='word_1_108' title='bbox 553 716 682 752; x_wconf 72' lang='lat' dir='ltr'><strong>Quinta,</strong></span> <span class='ocrx_word' id='word_1_109' title='bbox 706 725 766 745; x_wconf 90' lang='lat' dir='ltr'><strong>non</strong></span> <span class='ocrx_word' id='word_1_110' title='bbox 784 716 980 756; x_wconf 63' lang='lat' dir='ltr'><strong>praenomine,</strong></span> <span class='ocrx_word' id='word_1_111' title='bbox 1003 715 1055 746; x_wconf 86' lang='lat' dir='ltr'><strong>sed</strong></span> 
     </span>
     <span class='ocr_line' id='line_1_16' title="bbox 171 757 883 798; baseline 0.001 -10"><span class='ocrx_word' id='word_1_112' title='bbox 171 757 361 798; x_wconf 74' lang='lat' dir='ltr'>cognomine,</span> <span class='ocrx_word' id='word_1_113' title='bbox 377 762 412 787; x_wconf 89' lang='lat' dir='ltr'><strong>ut</strong></span> <span class='ocrx_word' id='word_1_114' title='bbox 427 757 493 787; x_wconf 78' lang='lat' dir='ltr'><strong>aliae</strong></span> <span class='ocrx_word' id='word_1_115' title='bbox 511 759 633 795; x_wconf 66' lang='lat' dir='ltr'><strong>Teo-tice,</strong></span> <span class='ocrx_word' id='word_1_116' title='bbox 650 760 813 796; x_wconf 58' lang='lat' dir='ltr'><strong>Secundae,</strong></span> <span class='ocrx_word' id='word_1_117' title='bbox 825 760 883 789; x_wconf 64' lang='grc' dir='ltr'><strong>ἃς.</strong></span> 
     </span>
    </p>

    <p class='ocr_par' dir='ltr' id='par_1_6' title="bbox 172 800 1057 960">
     <span class='ocr_line' id='line_1_17' title="bbox 216 800 1054 842; baseline 0.002 -12"><span class='ocrx_word' id='word_1_118' title='bbox 216 801 359 838; x_wconf 76' lang='lat' dir='ltr'><strong>Claudia,</strong></span> <span class='ocrx_word' id='word_1_119' title='bbox 391 800 465 831; x_wconf 80' lang='lat' dir='ltr'><strong>Coel.</strong></span> <span class='ocrx_word' id='word_1_120' title='bbox 506 804 552 830; x_wconf 86' lang='lat'><strong>14.</strong></span> <span class='ocrx_word' id='word_1_121' title='bbox 590 801 734 838; x_wconf 83' lang='lat' dir='ltr'><strong>Vestalis,</strong></span> <span class='ocrx_word' id='word_1_122' title='bbox 764 807 881 842; x_wconf 88' lang='lat' dir='ltr'><strong>patrem</strong></span> <span class='ocrx_word' id='word_1_123' title='bbox 912 801 1054 842; x_wconf 89' lang='lat' dir='ltr'><strong>Appium</strong></span> 
     </span>
     <span class='ocr_line' id='line_1_18' title="bbox 174 842 1057 884; baseline 0.001 -11"><span class='ocrx_word' id='word_1_124' title='bbox 174 842 353 880; x_wconf 88' lang='lat' dir='ltr'><strong>Claudium,</strong></span> <span class='ocrx_word' id='word_1_125' title='bbox 378 843 616 883; x_wconf 85' lang='lat' dir='ltr'><strong>triumphantem</strong></span> <span class='ocrx_word' id='word_1_126' title='bbox 638 844 675 874; x_wconf 92' lang='lat' dir='ltr'><strong>de</strong></span> <span class='ocrx_word' id='word_1_127' title='bbox 698 844 833 881; x_wconf 86' lang='lat' dir='ltr'><strong>Salassis,</strong></span> <span class='ocrx_word' id='word_1_128' title='bbox 857 845 1010 884; x_wconf 80' lang='lat' dir='ltr'><strong>amplexa,</strong></span> <span class='ocrx_word' id='word_1_129' title='bbox 1037 855 1057 874; x_wconf 90' lang='lat' dir='ltr'>a</span> 
     </span>
     <span class='ocr_line' id='line_1_19' title="bbox 172 886 1056 926; baseline 0.001 -10"><span class='ocrx_word' id='word_1_130' title='bbox 172 886 242 916; x_wconf 88' lang='lat' dir='ltr'><strong>trib.</strong></span> <span class='ocrx_word' id='word_1_131' title='bbox 258 887 300 926; x_wconf 91' lang='lat' dir='ltr'><strong>pl.</strong></span> <span class='ocrx_word' id='word_1_132' title='bbox 316 886 438 916; x_wconf 87' lang='lat' dir='ltr'><strong>inimico</strong></span> <span class='ocrx_word' id='word_1_133' title='bbox 453 886 489 916; x_wconf 91' lang='lat' dir='ltr'><strong>de</strong></span> <span class='ocrx_word' id='word_1_134' title='bbox 501 897 590 917; x_wconf 86' lang='lat' dir='ltr'><strong>curru</strong></span> <span class='ocrx_word' id='word_1_135' title='bbox 606 886 721 917; x_wconf 83' lang='lat' dir='ltr'><strong>detrahi</strong></span> <span class='ocrx_word' id='word_1_136' title='bbox 736 897 796 918; x_wconf 93' lang='lat' dir='ltr'><strong>non</strong></span> <span class='ocrx_word' id='word_1_137' title='bbox 812 887 891 918; x_wconf 85' lang='lat' dir='ltr'><strong>sinit.</strong></span> <span class='ocrx_word' id='word_1_138' title='bbox 917 887 1056 917; x_wconf 84' lang='lat' dir='ltr'><strong>Fratrem</strong></span> 
     </span>
     <span class='ocr_line' id='line_1_20' title="bbox 173 929 764 960; baseline 0 0"><span class='ocrx_word' id='word_1_139' title='bbox 173 934 259 960; x_wconf 85' lang='lat' dir='ltr'><strong>vocat</strong></span> <span class='ocrx_word' id='word_1_140' title='bbox 274 930 399 959; x_wconf 85' lang='lat' dir='ltr'><strong>Sueton.</strong></span> <span class='ocrx_word' id='word_1_141' title='bbox 413 929 484 959; x_wconf 91' lang='lat' dir='ltr'>Tib.</span> <span class='ocrx_word' id='word_1_142' title='bbox 502 931 531 959; x_wconf 84' lang='lat'><strong>2.</strong></span> <span class='ocrx_word' id='word_1_143' title='bbox 548 929 601 959; x_wconf 89' lang='lat' dir='ltr'><strong>ubi</strong></span> <span class='ocrx_word' id='word_1_144' title='bbox 616 929 675 959; x_wconf 91' lang='lat' dir='ltr'><strong>vid.</strong></span> <span class='ocrx_word' id='word_1_145' title='bbox 690 930 764 960; x_wconf 81' lang='lat' dir='ltr'><strong>Intt.</strong></span> 
     </span>
    </p>

    <p class='ocr_par' dir='ltr' id='par_1_7' title="bbox 174 971 1058 1131">
     <span class='ocr_line' id='line_1_21' title="bbox 220 971 1058 1010; baseline 0 -8"><span class='ocrx_word' id='word_1_146' title='bbox 220 972 362 1009; x_wconf 82' lang='lat' dir='ltr'><strong>Claudia,</strong></span> <span class='ocrx_word' id='word_1_147' title='bbox 378 982 403 1001; x_wconf 87' lang='lat' dir='ltr'><strong>s.</strong></span> <span class='ocrx_word' id='word_1_148' title='bbox 415 972 535 1007; x_wconf 82' lang='lat' dir='ltr'><strong>Clodia,</strong></span> <span class='ocrx_word' id='word_1_149' title='bbox 552 972 589 1002; x_wconf 84' lang='lat' dir='ltr'><strong>ad</strong></span> <span class='ocrx_word' id='word_1_150' title='bbox 600 972 672 1002; x_wconf 88' lang='lat' dir='ltr'><strong>Div.</strong></span> <span class='ocrx_word' id='word_1_151' title='bbox 683 971 724 1009; x_wconf 93' lang='lat' dir='ltr'><strong>V,</strong></span> <span class='ocrx_word' id='word_1_152' title='bbox 741 974 771 1003; x_wconf 72' lang='lat'><strong>2.</strong></span> <span class='ocrx_word' id='word_1_153' title='bbox 787 982 864 1003; x_wconf 87' lang='lat' dir='ltr'><strong>uxor</strong></span> <span class='ocrx_word' id='word_1_154' title='bbox 879 972 918 1010; x_wconf 88' lang='lat' dir='ltr'><strong>Q.</strong></span> <span class='ocrx_word' id='word_1_155' title='bbox 936 971 1058 1002; x_wconf 85' lang='lat' dir='ltr'><strong>Metelli</strong></span> 
     </span>
     <span class='ocr_line' id='line_1_22' title="bbox 175 1014 1057 1054; baseline 0.001 -10"><span class='ocrx_word' id='word_1_156' title='bbox 175 1015 299 1051; x_wconf 84' lang='lat' dir='ltr'><strong>Celeris,</strong></span> <span class='ocrx_word' id='word_1_157' title='bbox 314 1014 412 1054; x_wconf 88' lang='lat' dir='ltr'><strong>Appii</strong></span> <span class='ocrx_word' id='word_1_158' title='bbox 433 1014 555 1045; x_wconf 85' lang='lat' dir='ltr'><strong>Claudii</strong></span> <span class='ocrx_word' id='word_1_159' title='bbox 575 1020 604 1044; x_wconf 88' lang='lat' dir='ltr'><strong>et</strong></span> <span class='ocrx_word' id='word_1_160' title='bbox 625 1015 661 1044; x_wconf 91' lang='lat' dir='ltr'><strong>P.</strong></span> <span class='ocrx_word' id='word_1_161' title='bbox 680 1015 779 1045; x_wconf 87' lang='lat' dir='ltr'><strong>Clodii</strong></span> <span class='ocrx_word' id='word_1_162' title='bbox 799 1025 889 1045; x_wconf 86' lang='lat' dir='ltr'><strong>soror.</strong></span> <span class='ocrx_word' id='word_1_163' title='bbox 922 1014 972 1045; x_wconf 89' lang='lat' dir='ltr'><strong>De</strong></span> <span class='ocrx_word' id='word_1_164' title='bbox 991 1015 1057 1054; x_wconf 83' lang='lat' dir='ltr'><strong>ejus</strong></span> 
     </span>
     <span class='ocr_line' id='line_1_23' title="bbox 174 1056 1058 1099; baseline 0 -12"><span class='ocrx_word' id='word_1_165' title='bbox 174 1057 255 1088; x_wconf 55' lang='lat' dir='ltr'><strong>foed&amp;</strong></span> <span class='ocrx_word' id='word_1_166' title='bbox 279 1057 404 1087; x_wconf 88' lang='lat' dir='ltr'><strong>libidine</strong></span> <span class='ocrx_word' id='word_1_167' title='bbox 429 1063 459 1088; x_wconf 87' lang='lat' dir='ltr'><strong>et</strong></span> <span class='ocrx_word' id='word_1_168' title='bbox 482 1056 652 1097; x_wconf 79' lang='lat' dir='ltr'><strong>sceleribus,</strong></span> <span class='ocrx_word' id='word_1_169' title='bbox 676 1068 705 1089; x_wconf 91' lang='lat' dir='ltr'><strong>v.</strong></span> <span class='ocrx_word' id='word_1_170' title='bbox 727 1058 876 1099; x_wconf 87' lang='lat' dir='ltr'><strong>imprimis</strong></span> <span class='ocrx_word' id='word_1_171' title='bbox 894 1057 981 1088; x_wconf 84' lang='lat' dir='ltr'><strong>Orat.</strong></span> <span class='ocrx_word' id='word_1_172' title='bbox 1002 1067 1058 1097; x_wconf 83' lang='lat' dir='ltr'><strong>pro</strong></span> 
     </span>
     <span class='ocr_line' id='line_1_24' title="bbox 176 1100 282 1131; baseline 0 -1"><span class='ocrx_word' id='word_1_173' title='bbox 176 1100 282 1131; x_wconf 69' lang='lat' dir='ltr'><strong>Coelio.</strong></span> 
     </span>
    </p>

    <p class='ocr_par' dir='ltr' id='par_1_8' title="bbox 176 1143 1058 1227">
     <span class='ocr_line' id='line_1_25' title="bbox 219 1143 1058 1183; baseline 0 -10"><span class='ocrx_word' id='word_1_174' title='bbox 219 1144 302 1183; x_wconf 76' lang='lat' dir='ltr'><strong>App.</strong></span> <span class='ocrx_word' id='word_1_175' title='bbox 330 1144 496 1180; x_wconf 74' lang='lat' dir='ltr'><strong>Claudius,</strong></span> <span class='ocrx_word' id='word_1_176' title='bbox 518 1143 679 1182; x_wconf 88' lang='lat' dir='ltr'><strong>decemvir,</strong></span> <span class='ocrx_word' id='word_1_177' title='bbox 704 1144 773 1174; x_wconf 86' lang='lat' dir='ltr'><strong>Fin.</strong></span> <span class='ocrx_word' id='word_1_178' title='bbox 796 1144 845 1180; x_wconf 85' lang='lat' dir='ltr'><strong>II,</strong></span> <span class='ocrx_word' id='word_1_179' title='bbox 872 1144 923 1174; x_wconf 85' lang='lat'><strong>20.</strong></span> <span class='ocrx_word' id='word_1_180' title='bbox 948 1152 1058 1183; x_wconf 87' lang='lat' dir='ltr'><strong>cogno-</strong></span> 
     </span>
     <span class='ocr_line' id='line_1_26' title="bbox 176 1185 886 1227; baseline 0 -11"><span class='ocrx_word' id='word_1_181' title='bbox 176 1185 259 1216; x_wconf 86' lang='lat' dir='ltr'><strong>mine</strong></span> <span class='ocrx_word' id='word_1_182' title='bbox 276 1185 443 1217; x_wconf 82' lang='lat' dir='ltr'><strong>Crassinus.</strong></span> <span class='ocrx_word' id='word_1_183' title='bbox 467 1186 506 1216; x_wconf 81' lang='lat' dir='ltr'><strong>V.</strong></span> <span class='ocrx_word' id='word_1_184' title='bbox 524 1186 684 1227; x_wconf 81' lang='lat' dir='ltr'><strong>Pighium,</strong></span> <span class='ocrx_word' id='word_1_185' title='bbox 701 1187 738 1217; x_wconf 83' lang='lat' dir='ltr'><strong>ad</strong></span> <span class='ocrx_word' id='word_1_186' title='bbox 753 1187 795 1217; x_wconf 92' lang='lat' dir='ltr'><strong>A.</strong></span> <span class='ocrx_word' id='word_1_187' title='bbox 812 1187 886 1216; x_wconf 80' lang='lat'><strong>302.</strong></span> 
     </span>
    </p>

    <p class='ocr_par' dir='ltr' id='par_1_9' title="bbox 162 1229 1061 1644">
     <span class='ocr_line' id='line_1_27' title="bbox 224 1229 1058 1270; baseline -0.001 -12"><span class='ocrx_word' id='word_1_188' title='bbox 224 1229 306 1268; x_wconf 78' lang='lat' dir='ltr'><strong>App.</strong></span> <span class='ocrx_word' id='word_1_189' title='bbox 323 1230 477 1259; x_wconf 81' lang='lat' dir='ltr'><strong>Claudius</strong></span> <span class='ocrx_word' id='word_1_190' title='bbox 494 1229 516 1258; x_wconf 85' lang='lat' dir='ltr'><em>C</em></span> <span class='ocrx_word' id='word_1_191' title='bbox 516 1240 608 1266; x_wconf 73' lang='lat' dir='ltr'><strong>cecus,</strong></span> <span class='ocrx_word' id='word_1_192' title='bbox 626 1230 710 1270; x_wconf 89' lang='lat' dir='ltr'><strong>(ante</strong></span> <span class='ocrx_word' id='word_1_193' title='bbox 735 1229 898 1260; x_wconf 82' lang='lat' dir='ltr'><strong>caecitatem</strong></span> <span class='ocrx_word' id='word_1_194' title='bbox 917 1230 1058 1265; x_wconf 75' lang='lat' dir='ltr'><strong>Crassus)</strong></span> 
     </span>
     <span class='ocr_line' id='line_1_28' title="bbox 176 1271 1060 1309; baseline 0 -8"><span class='ocrx_word' id='word_1_195' title='bbox 176 1272 290 1302; x_wconf 86' lang='lat' dir='ltr'><strong>abavus</strong></span> <span class='ocrx_word' id='word_1_196' title='bbox 308 1272 342 1302; x_wconf 88' lang='lat' dir='ltr'><strong>P.</strong></span> <span class='ocrx_word' id='word_1_197' title='bbox 360 1272 468 1302; x_wconf 84' lang='lat' dir='ltr'><strong>Clodii.</strong></span> <span class='ocrx_word' id='word_1_198' title='bbox 485 1272 559 1302; x_wconf 88' lang='lat' dir='ltr'><strong>Coel.</strong></span> <span class='ocrx_word' id='word_1_199' title='bbox 578 1273 623 1303; x_wconf 77' lang='lat'><strong>14.</strong></span> <span class='ocrx_word' id='word_1_200' title='bbox 647 1272 739 1302; x_wconf 83' lang='lat' dir='ltr'><strong>Tusc.</strong></span> <span class='ocrx_word' id='word_1_201' title='bbox 757 1272 798 1309; x_wconf 87' lang='lat' dir='ltr'><strong>V,</strong></span> <span class='ocrx_word' id='word_1_202' title='bbox 815 1273 867 1301; x_wconf 89' lang='grc'><strong>38.</strong></span> <span class='ocrx_word' id='word_1_203' title='bbox 883 1271 914 1301; x_wconf 91' lang='lat' dir='ltr'><strong>in</strong></span> <span class='ocrx_word' id='word_1_204' title='bbox 930 1271 1060 1302; x_wconf 83' lang='lat' dir='ltr'><strong>caecitate</strong></span> 
     </span>
     <span class='ocr_line' id='line_1_29' title="bbox 177 1313 1061 1355; baseline 0 -12"><span class='ocrx_word' id='word_1_205' title='bbox 177 1314 255 1344; x_wconf 91' lang='lat' dir='ltr'><strong>nulli</strong></span> <span class='ocrx_word' id='word_1_206' title='bbox 278 1315 398 1345; x_wconf 89' lang='lat' dir='ltr'><strong>muneri</strong></span> <span class='ocrx_word' id='word_1_207' title='bbox 422 1314 543 1355; x_wconf 89' lang='lat' dir='ltr'><strong>publico</strong></span> <span class='ocrx_word' id='word_1_208' title='bbox 567 1321 620 1345; x_wconf 85' lang='lat' dir='ltr'><strong>aut</strong></span> <span class='ocrx_word' id='word_1_209' title='bbox 644 1315 761 1355; x_wconf 86' lang='lat' dir='ltr'><strong>privato</strong></span> <span class='ocrx_word' id='word_1_210' title='bbox 785 1315 875 1345; x_wconf 87' lang='lat' dir='ltr'><strong>deest.</strong></span> <span class='ocrx_word' id='word_1_211' title='bbox 908 1313 996 1344; x_wconf 86' lang='lat' dir='ltr'><strong>Conf.</strong></span> <span class='ocrx_word' id='word_1_212' title='bbox 1023 1313 1061 1343; x_wconf 89' lang='lat' dir='ltr'><strong>de</strong></span> 
     </span>
     <span class='ocr_line' id='line_1_30' title="bbox 178 1356 1058 1398; baseline -0.002 -11"><span class='ocrx_word' id='word_1_213' title='bbox 178 1357 294 1387; x_wconf 88' lang='lat' dir='ltr'><strong>Senect.</strong></span> <span class='ocrx_word' id='word_1_214' title='bbox 311 1358 340 1387; x_wconf 85' lang='lat'><strong>6.</strong></span> <span class='ocrx_word' id='word_1_215' title='bbox 356 1357 453 1388; x_wconf 86' lang='lat' dir='ltr'><strong>foedus</strong></span> <span class='ocrx_word' id='word_1_216' title='bbox 475 1367 545 1387; x_wconf 92' lang='lat' dir='ltr'><strong>cum</strong></span> <span class='ocrx_word' id='word_1_217' title='bbox 561 1358 679 1398; x_wconf 89' lang='lat' dir='ltr'><strong>Pyrrho</strong></span> <span class='ocrx_word' id='word_1_218' title='bbox 702 1357 874 1388; x_wconf 86' lang='lat' dir='ltr'><strong>faciendum</strong></span> <span class='ocrx_word' id='word_1_219' title='bbox 896 1356 1058 1389; x_wconf 79' lang='lat' dir='ltr'><strong>dissuadet.</strong></span> 
     </span>
     <span class='ocr_line' id='line_1_31' title="bbox 177 1398 1060 1440; baseline -0.001 -11"><span class='ocrx_word' id='word_1_220' title='bbox 177 1399 234 1429; x_wconf 88' lang='lat' dir='ltr'><strong>Bis</strong></span> <span class='ocrx_word' id='word_1_221' title='bbox 260 1401 373 1430; x_wconf 83' lang='lat' dir='ltr'><strong>consul.</strong></span> <span class='ocrx_word' id='word_1_222' title='bbox 402 1400 515 1430; x_wconf 85' lang='lat' dir='ltr'><strong>Censor</strong></span> <span class='ocrx_word' id='word_1_223' title='bbox 540 1407 609 1430; x_wconf 85' lang='lat' dir='ltr'><strong>ante</strong></span> <span class='ocrx_word' id='word_1_224' title='bbox 634 1400 768 1440; x_wconf 88' lang='lat' dir='ltr'><strong>primum</strong></span> <span class='ocrx_word' id='word_1_225' title='bbox 789 1399 999 1430; x_wconf 85' lang='lat' dir='ltr'><strong>consulatum:</strong></span> <span class='ocrx_word' id='word_1_226' title='bbox 1028 1398 1060 1428; x_wconf 85' lang='lat' dir='ltr'><strong>in</strong></span> 
     </span>
     <span class='ocr_line' id='line_1_32' title="bbox 178 1441 1060 1483; baseline -0.001 -12"><span class='ocrx_word' id='word_1_227' title='bbox 178 1442 241 1481; x_wconf 60' lang='lat' dir='ltr'><strong>quii</strong></span> <span class='ocrx_word' id='word_1_228' title='bbox 256 1443 381 1473; x_wconf 62' lang='lat' dir='ltr'><strong>censurii</strong></span> <span class='ocrx_word' id='word_1_229' title='bbox 396 1443 464 1480; x_wconf 84' lang='lat' dir='ltr'><strong>sibi,</strong></span> <span class='ocrx_word' id='word_1_230' title='bbox 480 1441 528 1473; x_wconf 59' lang='lat' dir='ltr'><strong>via</strong></span> <span class='ocrx_word' id='word_1_231' title='bbox 536 1443 642 1483; x_wconf 59' lang='lat' dir='ltr'><strong>Appia</strong></span> <span class='ocrx_word' id='word_1_232' title='bbox 653 1443 757 1479; x_wconf 44' lang='lat' dir='ltr'><strong>strati,</strong></span> <span class='ocrx_word' id='word_1_233' title='bbox 774 1448 803 1472; x_wconf 88' lang='lat' dir='ltr'><strong>et</strong></span> <span class='ocrx_word' id='word_1_234' title='bbox 817 1442 897 1483; x_wconf 54' lang='lat' dir='ltr'><strong>aqu&amp;</strong></span> <span class='ocrx_word' id='word_1_235' title='bbox 908 1441 1013 1482; x_wconf 66' lang='lat' dir='ltr'><strong>Appi-21</strong></span> <span class='ocrx_word' id='word_1_236' title='bbox 1028 1441 1060 1470; x_wconf 86' lang='lat' dir='ltr'><strong>in</strong></span> 
     </span>
     <span class='ocr_line' id='line_1_33' title="bbox 178 1483 1058 1522; baseline 0 -9"><span class='ocrx_word' id='word_1_237' title='bbox 178 1484 295 1514; x_wconf 84' lang='lat' dir='ltr'><strong>Urbem</strong></span> <span class='ocrx_word' id='word_1_238' title='bbox 311 1485 412 1522; x_wconf 62' lang='lat' dir='ltr'><strong>duthz,</strong></span> <span class='ocrx_word' id='word_1_239' title='bbox 428 1485 596 1515; x_wconf 82' lang='lat' dir='ltr'><strong>maximam</strong></span> <span class='ocrx_word' id='word_1_240' title='bbox 612 1487 730 1515; x_wconf 69' lang='lat' dir='ltr'><strong>senatus</strong></span> <span class='ocrx_word' id='word_1_241' title='bbox 744 1484 890 1515; x_wconf 87' lang='lat' dir='ltr'><strong>invidiam</strong></span> <span class='ocrx_word' id='word_1_242' title='bbox 909 1483 1058 1514; x_wconf 86' lang='lat' dir='ltr'><strong>conflavit.</strong></span> 
     </span>
     <span class='ocr_line' id='line_1_34' title="bbox 178 1526 1058 1568; baseline 0 -13"><span class='ocrx_word' id='word_1_243' title='bbox 178 1526 217 1556; x_wconf 88' lang='lat' dir='ltr'><strong>V.</strong></span> <span class='ocrx_word' id='word_1_244' title='bbox 235 1526 326 1557; x_wconf 90' lang='lat' dir='ltr'><strong>Diod.</strong></span> <span class='ocrx_word' id='word_1_245' title='bbox 350 1529 381 1558; x_wconf 83' lang='lat' dir='ltr'><strong>S.</strong></span> <span class='ocrx_word' id='word_1_246' title='bbox 398 1528 476 1566; x_wconf 87' lang='lat' dir='ltr'><strong>XX,</strong></span> <span class='ocrx_word' id='word_1_247' title='bbox 497 1539 527 1568; x_wconf 90' lang='lat' dir='ltr'><strong>p.</strong></span> <span class='ocrx_word' id='word_1_248' title='bbox 543 1528 619 1565; x_wconf 77' lang='lat'>773,</span> <span class='ocrx_word' id='word_1_249' title='bbox 640 1529 710 1563; x_wconf 77' lang='grc'><strong>774.</strong></span> <span class='ocrx_word' id='word_1_250' title='bbox 735 1528 824 1557; x_wconf 89' lang='lat' dir='ltr'><strong>Brut.</strong></span> <span class='ocrx_word' id='word_1_251' title='bbox 844 1528 892 1557; x_wconf 79' lang='lat'><strong>14.</strong></span> <span class='ocrx_word' id='word_1_252' title='bbox 920 1526 1058 1556; x_wconf 83' lang='lat' dir='ltr'><strong>Interrex</strong></span> 
     </span>
     <span class='ocr_line' id='line_1_35' title="bbox 178 1569 1058 1611; baseline 0 -13"><span class='ocrx_word' id='word_1_253' title='bbox 178 1569 299 1599; x_wconf 86' lang='lat' dir='ltr'><strong>comitia</strong></span> <span class='ocrx_word' id='word_1_254' title='bbox 323 1571 448 1608; x_wconf 87' lang='lat' dir='ltr'><strong>habens,</strong></span> <span class='ocrx_word' id='word_1_255' title='bbox 472 1571 509 1601; x_wconf 88' lang='lat' dir='ltr'><strong>de</strong></span> <span class='ocrx_word' id='word_1_256' title='bbox 531 1571 619 1611; x_wconf 85' lang='lat' dir='ltr'><strong>plebe</strong></span> <span class='ocrx_word' id='word_1_257' title='bbox 637 1570 771 1601; x_wconf 84' lang='lat' dir='ltr'><strong>consules</strong></span> <span class='ocrx_word' id='word_1_258' title='bbox 790 1579 850 1600; x_wconf 91' lang='lat' dir='ltr'><strong>non</strong></span> <span class='ocrx_word' id='word_1_259' title='bbox 872 1569 986 1610; x_wconf 79' lang='lat' dir='ltr'><strong>accipit.</strong></span> <span class='ocrx_word' id='word_1_260' title='bbox 1018 1569 1058 1599; x_wconf 86' lang='lat' dir='ltr'><strong>V.</strong></span> 
     </span>
     <span class='ocr_line' id='line_1_36' title="bbox 162 1610 625 1644; baseline 0.009 -4"><span class='ocrx_word' id='word_1_261' title='bbox 162 1610 248 1641; x_wconf 79' lang='lat' dir='ltr'><strong>infr.</strong></span> <span class='ocrx_word' id='word_1_262' title='bbox 264 1611 295 1640; x_wconf 91' lang='lat' dir='ltr'><strong>in</strong></span> <span class='ocrx_word' id='word_1_263' title='bbox 312 1612 371 1642; x_wconf 87' lang='grc' dir='ltr'><strong>Μ’</strong></span> <span class='ocrx_word' id='word_1_264' title='bbox 389 1613 513 1644; x_wconf 75' lang='lat' dir='ltr'><strong>Curius.</strong></span> <span class='ocrx_word' id='word_1_265' title='bbox 623 1622 625 1624; x_wconf 85' lang='grc'><strong><em>·</em></strong></span> 
     </span>
    </p>

    <p class='ocr_par' dir='ltr' id='par_1_10' title="bbox 179 1653 1058 1782">
     <span class='ocr_line' id='line_1_37' title="bbox 222 1653 1058 1693; baseline 0 -10"><span class='ocrx_word' id='word_1_266' title='bbox 222 1654 304 1693; x_wconf 74' lang='lat' dir='ltr'><strong>App.</strong></span> <span class='ocrx_word' id='word_1_267' title='bbox 328 1656 488 1692; x_wconf 72' lang='lat' dir='ltr'><strong>Claudius,</strong></span> <span class='ocrx_word' id='word_1_268' title='bbox 515 1656 604 1686; x_wconf 88' lang='lat' dir='ltr'><strong>Brut.</strong></span> <span class='ocrx_word' id='word_1_269' title='bbox 631 1657 681 1686; x_wconf 80' lang='lat'><strong>28.</strong></span> <span class='ocrx_word' id='word_1_270' title='bbox 709 1654 848 1686; x_wconf 91' lang='lat' dir='ltr'><strong>volubilis</strong></span> <span class='ocrx_word' id='word_1_271' title='bbox 872 1660 902 1685; x_wconf 89' lang='lat' dir='ltr'><strong>et</strong></span> <span class='ocrx_word' id='word_1_272' title='bbox 927 1653 1058 1684; x_wconf 84' lang='lat' dir='ltr'><strong>fervidus</strong></span> 
     </span>
     <span class='ocr_line' id='line_1_38' title="bbox 179 1697 1058 1739; baseline -0.001 -14"><span class='ocrx_word' id='word_1_273' title='bbox 179 1702 287 1726; x_wconf 86' lang='lat' dir='ltr'><strong>orator.</strong></span> <span class='ocrx_word' id='word_1_274' title='bbox 312 1697 362 1727; x_wconf 87' lang='lat' dir='ltr'><strong>Ex</strong></span> <span class='ocrx_word' id='word_1_275' title='bbox 375 1698 517 1739; x_wconf 85' lang='lat' dir='ltr'><strong>temporis</strong></span> <span class='ocrx_word' id='word_1_276' title='bbox 530 1699 644 1729; x_wconf 83' lang='lat' dir='ltr'><strong>ratione</strong></span> <span class='ocrx_word' id='word_1_277' title='bbox 652 1698 790 1738; x_wconf 86' lang='lat' dir='ltr'><strong>colligere</strong></span> <span class='ocrx_word' id='word_1_278' title='bbox 801 1697 881 1737; x_wconf 86' lang='lat' dir='ltr'><strong>licet,</strong></span> <span class='ocrx_word' id='word_1_279' title='bbox 891 1705 1058 1728; x_wconf 86' lang='lat' dir='ltr'><strong>sermonem</strong></span> 
     </span>
     <span class='ocr_line' id='line_1_39' title="bbox 180 1739 820 1782; baseline 0.003 -13"><span class='ocrx_word' id='word_1_280' title='bbox 180 1749 242 1770; x_wconf 83' lang='lat' dir='ltr'><strong>esse</strong></span> <span class='ocrx_word' id='word_1_281' title='bbox 257 1739 294 1771; x_wconf 87' lang='lat' dir='ltr'><strong>de</strong></span> <span class='ocrx_word' id='word_1_282' title='bbox 309 1750 342 1771; x_wconf 86' lang='lat' dir='ltr'><strong>eo</strong></span> <span class='ocrx_word' id='word_1_283' title='bbox 359 1740 459 1782; x_wconf 89' lang='lat' dir='ltr'><strong>quide</strong></span> <span class='ocrx_word' id='word_1_284' title='bbox 475 1741 598 1772; x_wconf 82' lang='lat' dir='ltr'><strong>Salassis</strong></span> <span class='ocrx_word' id='word_1_285' title='bbox 613 1739 820 1782; x_wconf 76' lang='lat' dir='ltr'><strong>triumphavit.</strong></span> 
     </span>
    </p>
   </div>
  </div>
 </body>
</html>
