1137 1848
266 49 415 91 INDEX
438 49 726 82 HISTORICUS.
879 51 938 81 341

53 143 111 168 tur.
129 137 203 168 ibid.
222 136 269 175 ΙΙ,
290 140 337 168 15.
354 136 461 167 statuit
477 137 616 167 homines
640 137 678 167 ad
703 137 815 167 hostias
835 136 945 167 deduci

53 180 83 211 vi
99 180 234 221 quodam
254 180 400 211 sentiente
423 186 453 210 et
472 179 582 215 dim'na,
600 191 654 221 per
669 187 767 210 totum
790 179 942 210 mundum

50 223 126 253 fusa.
153 223 226 253 ibid.
249 223 278 260 Ι,
300 224 352 254 30.
376 222 422 261 II,
448 225 495 253 15.
511 223 673 254 morientes
693 223 828 253 divinare
846 228 943 263 putat.

52 267 129 296 Nat.
147 265 190 296 D.
207 265 254 303 ΙΙ,
271 267 322 296 34.
341 267 406 305 ejus
419 266 546 306 sphaera.
569 266 642 296 ibid.
657 267 686 302 Ι,
704 267 733 296 3.
746 266 876 296 instituit
889 266 942 296 Ci-

52 319 201 340 ceronem.
226 310 292 340 Att.
309 310 357 347 II,
378 313 404 339 1.
428 309 533 339 Rhodi
552 309 636 339 vivit.
653 309 721 339 Fat.
742 310 773 339 3.
795 310 860 348 ejus
876 319 943 339 sen-

50 352 145 382 tentia
156 352 193 382 de
207 352 271 382 fato
283 352 525 392 reprehenditur.

92 396 276 430 Possidoms,
300 395 390 426 Verr.
419 395 479 434 IV,
505 396 556 425 42.
581 395 699 436 legatus
724 394 942 425 Thermitano-

48 448 129 468 rum.
209 442 211 449 '

95 483 260 519 Postumia,
277 481 315 512 ad
331 481 404 512 Div.
421 481 484 519 IV,
507 484 536 511 2.
553 480 622 512 Att.
639 480 682 519 V,
699 485 750 512 20.
770 484 823 512 21.
845 481 942 511 Servii

52 524 180 565 Sulpicii
195 535 282 555 uxor.

89 569 268 605 Postumius,
285 567 324 598 ad
347 567 420 598 Div.
447 567 508 605 VI,
532 570 582 597 12.
599 567 726 598 Caesaris
742 566 940 598 familiarissi-

45 620 125 641 mus.
144 611 213 640 Att.
228 611 270 647 V,
288 613 339 641 21.
355 610 431 648 XV,
450 614 479 640 2.
495 616 670 652 procurator
684 612 829 642 ludorum
845 611 940 641 Octa-

46 654 87 684 vii
101 665 109 683 :
134 653 186 684 sed
201 654 244 684 ibi
257 655 413 685 Postumus
428 654 548 684 dicitur.

89 698 259 727 Postumius
286 698 443 735 Cominius,
468 697 560 727 Balb.
585 698 637 727 23.
661 698 767 728 consul
789 706 860 727 cum
885 697 939 738 Sp.

46 738 163 775 Cassio,
178 739 218 769 A.
236 741 309 771 260.

88 785 126 813 P.
146 784 326 819 Postumum,
350 783 420 813 Fin.
447 783 495 820 ΙΙ,
522 786 573 812 22.
593 783 686 813 homo
710 783 940 823 voluptuosissi-

44 835 125 856 mus.
148 825 295 856 Davisius
309 826 430 867 recepit,
445 836 483 856 ex
499 826 710 857 emendatione
730 826 886 866 Scaligeri,
906 828 938 857 C.

46 869 172 900 Hirrius
188 871 368 899 Postumius.

86 912 129 942 A.
148 914 317 942 Postumius
332 913 475 949 Albinus,
494 912 583 942 Verr.
598 912 646 951 ΙΙ,
663 913 717 942 41.
740 921 844 943 censor
868 923 939 943 eum

47 955 89 993 Q.
104 955 228 993 Fulvio,
245 955 284 985 A.
299 956 371 990 579.

88 999 128 1028 A.
146 1000 326 1035 Postmnms,
340 999 414 1028 Nat.
429 998 471 1028 D.
484 997 533 1036 ΙΙ,
547 1000 577 1028 2.
590 998 717 1029 dictator
730 998 762 1027 in
772 998 852 1028 bello
867 1008 937 1028 cum

44 1041 240 1079 Tusculanis,
266 1041 310 1072 A.
328 1042 414 1078 2573
440 1052 501 1082 quo
521 1051 601 1072 anno
626 1048 655 1072 et
679 1041 785 1072 consul
803 1051 873 1071 cum
898 1041 938 1072 T.

43 1084 185 1124 Virginio
200 1084 269 1114 fuit.

88 1128 124 1158 C.
140 1127 320 1165 Postumius,
337 1126 410 1158 Div.
427 1127 455 1164 Ι,
470 1128 523 1157 33.
535 1127 698 1168 haruspex.

89 1171 146 1201 Cn.
177 1172 358 1209 Postumius,
390 1171 478 1201 Verr.
506 1170 553 1206 ΙΙ,
582 1172 633 1201 39.
661 1170 733 1200 civis
762 1169 856 1200 Rom.
884 1170 937 1210 qui

43 1212 149 1244 Verris
163 1213 306 1254 pecunias
322 1214 574 1244 extraordinarias
595 1213 741 1243 tractau't.
765 1212 793 1243 V
795 1212 837 1242 id.
858 1214 938 1244 Cur.

40 1257 109 1286 tius.

82 1300 140 1330 Cn.
162 1300 354 1337 Postumius,
384 1299 511 1330 Muren.
526 1300 579 1335 27.
607 1298 790 1339 subscriptor
806 1298 935 1339 Sulpicii

36 1348 141 1373 contra
169 1342 352 1381 Murenam,
383 1349 549 1384 praeturam
578 1342 666 1383 petit,
695 1341 839 1372 Cicerone
863 1351 934 1372 con-

34 1385 111 1416 sule.

79 1429 130 1459 M.
148 1429 342 1465 Postumius,
356 1428 444 1458 Verr.
461 1429 528 1466 III,
554 1432 601 1460 18.
619 1433 750 1469 quaestor
760 1427 875 1458 Verris.

80 1473 121 1503 P.
140 1473 321 1503 Postumius
339 1472 501 1509 Tubertus,
520 1472 597 1513 Leg.
614 1471 663 1509 ΙΙ,
680 1474 731 1502 23.
750 1469 793 1501 V.
813 1471 934 1501 Tuber-

36 1520 97 1546 tus.

84 1557 122 1588 P.
145 1559 341 1597 Postumius,
366 1558 405 1589 ad
425 1558 501 1589 Div.
528 1558 591 1596 IV,
622 1561 671 1589 12.
695 1556 854 1588 familiaris
880 1556 931 1587 M.

39 1601 192 1632 Marcelli.

83 1645 121 1681 Q.
135 1646 329 1683 Postumius,
346 1643 435 1675 Verr.
450 1643 497 1681 ΙΙ,
515 1648 567 1676 39.
583 1643 656 1674 civis
670 1643 763 1674 Rom.
781 1643 834 1684 qui
850 1642 929 1673 Ver-

38 1687 78 1720 ris
92 1688 236 1730 pecunias
251 1688 504 1720 extraordinarias
519 1688 677 1719 tractabat.
700 1686 741 1717 V.
763 1687 905 1718 Curtius.

612 1733 631 1760 2
647 1738 666 1759 G
684 1733 704 1760 3
