1137 1848
322 102 473 133 INDEX
495 102 782 135 HISTORICUS.
932 103 993 134 281

156 188 293 228 Magius,
309 187 365 219 Or.
382 186 429 224 ΙΙ,
446 188 497 219 66.
513 188 672 229 praefectus
684 188 804 220 Pisonis
818 188 850 219 in
863 187 976 219 Gallia.

160 229 215 260 Cn.
233 230 363 271 Magius,
379 231 501 262 cluent.
519 235 547 262 8.
572 231 711 262 Larinas.

159 273 215 304 Cn.
231 273 370 314 Magius,
387 273 452 304 Att.
470 274 534 312 IX,
554 274 603 304 13.
627 274 767 315 Pompeii
781 273 940 315 praefectus
955 272 1004 303 fa-

114 316 215 347 brfim.

159 359 199 388 L.
221 357 353 395 Magius,
379 359 467 390 Verr.
486 358 533 397 II,
550 359 601 389 34.
624 358 796 397 Marianus,
822 359 875 400 qui
891 369 922 389 se
936 364 1005 399 post

116 400 156 432 ad
167 400 380 432 Mithridatem
391 402 529 439 contulit,
546 408 575 432 et
589 401 627 432 ad
640 402 807 433 Sertorium
819 402 928 431 missus
939 407 1001 431 est:

115 443 201 474 finito
215 443 306 482 bello,
324 445 438 486 Myndi
452 445 611 484 habitavit,
627 444 746 486 prodito
768 444 949 475 Mithridate
964 445 1002 474 ab

116 496 160 517 e0.
182 486 254 516 Vid.
270 487 310 517 L.
327 487 447 519 Rabius.

160 531 199 560 P.
216 531 343 570 IlIagius
364 531 456 570 Chilo,
480 530 529 561 vel
553 530 626 569 Cilo,
640 530 680 560 ad
701 529 774 560 Div.
790 528 852 567 IV,
877 532 926 560 12.
951 529 1002 560 M.

116 572 314 610 Marcellum,
336 574 513 604 redeuntem
528 574 559 603 in
579 573 720 613 patriam,
745 572 905 609 interfecit,
931 578 959 602 et
975 583 1006 602 se

117 615 219 655 ipsum
235 615 337 645 statim
349 623 426 657 post.
450 617 520 647 Att.
537 615 637 655 XIII,
658 619 706 646 10.
722 626 815 657 quare
831 625 900 645 eum
912 615 1006 644 inter-

120 658 233 688 fecerit.

168 701 200 730 Ρ.
227 701 366 741 Illagius,
390 702 482 731 Brut.
508 703 559 732 48.
585 701 726 732 tribunus
747 701 790 742 pl.
815 700 866 732 JM.
883 700 1008 741 Vitgilii

120 743 246 783 collega,
270 744 310 773 A.
327 743 368 774 U.
385 745 457 779 667.

166 787 310 826 BlagneS,
326 796 495 827 cognomen
511 786 662 818 Demetrii
678 792 708 817 et
722 785 874 826 Dionysii.
889 785 943 815 ubi
959 795 987 815 v.

165 830 275 869 Mago,
285 827 555 870 Carthaginiensis,
563 829 620 861 Or.
628 828 655 867 1,
666 832 717 860 58.
729 829 845 869 scripsit
855 827 1011 858 XXVIII

121 871 216 902 libros
228 871 265 901 de
280 882 311 902 re
326 872 448 910 rustica,
467 872 582 903 Punice
595 883 604 909 ;
629 872 695 912 qui,
712 871 798 912 capt&
813 870 1009 911 Carthagine,

123 915 396 945 senatus-consulto
408 915 440 944 in
453 915 597 945 Latinam
612 915 751 955 linguam
768 913 901 944 conversi
916 919 987 943 sunt
1000 924 1009 949 ;

123 956 155 1029 {ln
168 967 229 1029 qluzo
243 957 528 1030 Ileuliinilunlrltffierlz}
540 957 736 1030 Ρὲωεξίζῐῧὲἷί
746 957 876 1030 ΞΠειῃέις.
899 955 1010 1003 Varro,

145 1009 161 1029 e
220 1021 227 1028 .
277 1021 377 1037 .,.
468 1022 475 1030 .
531 1022 538 1030 .
592 1020 629 1030 ,4
740 1009 798 1038 ,s.
848 1008 1012 1030 .c0nver51

123 1047 196 1072 sunt
217 1042 310 1073 etiam
332 1042 365 1073 in
390 1043 533 1074 Graecum
553 1053 723 1074 sermonem
746 1053 765 1073 a
788 1042 890 1073 Dione
906 1040 1012 1072 Cassio

127 1084 276 1115 Uticensi.

169 1127 224 1157 Cn.
242 1128 413 1167 Malleolus,
430 1140 446 1160 e
462 1128 620 1164 Publiciis,
641 1128 730 1158 Verr.
747 1126 794 1165 ΙΙ,
816 1129 864 1159 15.
881 1131 1012 1168 quaestor

125 1169 183 1201 Cn.
198 1170 368 1201 Dolabeuae
384 1172 417 1202 in
432 1172 521 1209 Asia,
538 1178 608 1202 ante
622 1172 763 1208 Verrem,
780 1170 892 1201 occisus
905 1181 913 1199 ε
931 1168 1014 1210 quod

123 1213 338 1254 interpretatur
364 1214 527 1252 Asconius,
543 1220 682 1245 mortuus.
707 1214 796 1244 Verr.
812 1212 861 1252 II,
884 1215 936 1242 36.
954 1211 1013 1241 ffli-

125 1266 162 1286 us
174 1266 192 1286 a
209 1254 245 1287 C.
260 1256 355 1288 Verre
370 1263 468 1288 tutore
483 1257 644 1297 expilatur.

170 1299 344 1338 Malleolus,
375 1300 493 1330 Heren.
521 1299 550 1337 1,
580 1303 628 1331 13.
653 1304 784 1330 matrem
809 1297 962 1335 interficit,
987 1301 1017 1327 et

126 1347 289 1382 propterea
304 1342 403 1373 culleo
422 1342 565 1373 insuitur.
588 1342 668 1381 Quis
682 1341 784 1379 fuerit,
801 1350 861 1371 non
877 1340 1015 1371 traditur.

127 1384 250 1414 Accidit
265 1389 367 1416 autem
382 1396 428 1416 res
444 1386 485 1416 A.
501 1386 563 1416 653
578 1397 587 1416 ι
610 1395 705 1426 eaque
726 1384 826 1425 prima
840 1383 966 1424 quaestio
978 1382 1016 1412 de

128 1426 288 1467 parricidio
311 1427 382 1466 fuit,
399 1434 435 1458 ut
456 1428 548 1459 tradit
563 1428 701 1465 Orosius,
716 1428 756 1466 V,
777 1427 826 1458 16.
840 1426 925 1467 Epit.
941 1425 1012 1457 Liv.

129 1473 181 1502 68.
197 1469 241 1500 V.
255 1469 406 1510 Pighium
421 1471 460 1501 ad
470 1471 502 1502 h.
518 1481 546 1501 a.

176 1512 300 1542 Mallius
325 1514 461 1552 Glaucia,
481 1514 574 1546 Rosc.
589 1513 666 1545 Am.
682 1513 712 1550 7.
727 1511 899 1551 libertinus,
923 1510 1016 1543 cliens

129 1554 170 1586 Τ.
186 1555 291 1586 Roscii
309 1555 431 1597 Magni.

173 1599 361 1638 Mamercus,
383 1609 421 1630 ex
436 1599 583 1631 AEmiliis.
606 1599 696 1631 Rosc.
712 1598 785 1631 Am.
804 1600 856 1629 32.
879 1597 959 1629 bello
974 1595 1017 1627 ci-

129 1641 183 1672 vih‘
195 1641 322 1673 Sullano
333 1642 458 1681 occisus,
474 1648 638 1674 accusator.

174 1685 360 1722 Mamercus,
385 1685 475 1718 Brut.
501 1687 552 1722 47.
572 1685 626 1728 qui
645 1685 750 1718 consul
773 1694 844 1716 cum
859 1683 902 1715 D.
915 1683 1015 1715 Bruto

130 1726 201 1766 fuit,
221 1726 264 1759 A.
281 1728 353 1764 676.

706 1772 800 1802 2133
