1137 1848
293 60 442 92 INDEX
466 60 751 93 HISTORICUS.
901 61 965 91 313

88 145 164 175 lium
180 145 354 184 Serranum,
371 147 484 177 tribun.
505 147 548 187 pl.
572 147 609 177 P.
630 147 757 177 Lentuli
778 145 915 177 relationi
930 145 968 176 de

83 188 226 218 Cicerone
240 189 405 219 revocando
428 189 673 228 intercedentem,
698 191 736 220 ab
760 189 969 220 intercessione

82 239 208 261 revocat.
233 231 281 261 Cf.
297 233 365 262 Att.
379 232 439 270 lV,
456 234 486 262 2.

126 274 164 303 L.
182 275 308 314 Oppius,
330 275 377 304 M.
394 276 430 305 F.
448 276 547 306 Flacc.
566 277 614 305 13.
635 286 725 316 eques
742 276 910 305 Romanus.
927 274 966 304 ad

85 315 157 346 Div.
174 317 275 353 XIII,
293 318 343 347 43.
363 318 528 358 negotiator
544 318 731 348 Philomelii.

126 360 173 389 M.
192 361 321 399 Oppius,
338 361 386 389 M.
404 361 440 390 F.
455 361 630 391 Terentina.
647 361 685 390 ad
701 361 772 390 Div.
789 360 890 396 VIII,
905 362 934 390 8.

128 404 166 432 Ρ.
187 403 316 442 Oppius,
342 403 393 433 Fr.
415 403 471 434 Or.
487 414 542 443 pro
559 405 594 433 P.
614 403 727 444 Oppio.
749 404 821 433 Fuit
836 410 968 444 quaestor

83 445 130 476 M.
150 445 259 483 Cottae,
285 446 337 487 qui
353 456 422 476 cum
443 446 480 476 L.
498 447 628 476 Lucullo
650 447 755 476 consul
770 447 838 482 fuit,
856 446 967 486 Bithy-

81 489 164 518 niam
180 489 320 525 obtinuit,
334 495 362 519 et
377 489 491 519 bellum
508 489 650 519 adversus
660 489 871 519 Mithridatem
886 489 965 518 male

83 531 182 571 gessit.
200 532 240 562 V.
258 532 427 562 Patricium
444 532 482 562 ad
498 532 587 572 Frag.
605 532 691 563 Orat.
707 543 761 572 pro
777 532 890 572 Oppio.

127 575 256 614 Oppius,
272 574 310 604 ad
331 574 403 604 Div.
421 574 468 611 ΙΙ,
496 579 542 605 16.
559 575 750 614 magistratus
766 585 850 615 spem
866 574 967 605 habet.

82 617 150 647 Att.
168 617 210 652 V,
232 621 256 647 1.
281 617 407 647 Caesaris
421 618 545 648 amicus.

128 662 160 690 C.
175 662 298 699 Sergius
316 661 421 690 Orata.
446 661 504 690 Fin
522 659 567 697 II,
590 661 640 689 22.
658 659 720 691 Off.
744 659 809 697 III,
829 663 876 691 16.
894 660 967 690 emit

82 713 102 733 a
117 703 165 732 M.
192 703 294 733 Mario
317 703 495 733 Gratidiano
519 703 606 733 aedes.
630 703 686 734 Or.
712 703 740 741 Ι,
757 705 807 734 39.
830 704 968 734 scribitur

81 751 111 776 et
127 747 263 776 Aurata.

126 791 161 819 Ρ.
179 790 301 825 Orbius,
322 789 410 818 Brut.
428 791 480 818 48.
499 788 617 819 auditor
638 789 678 819 Τ.
694 789 833 819 Juventii
848 789 878 818 in
897 790 966 828 jure

82 832 173 870 civili,
199 842 260 863 non
284 831 407 862 inferior
432 833 585 873 magistro.
610 832 709 862 Flacc.
728 833 779 861 31.
804 838 913 873 praetor
935 832 966 861 in

80 875 170 904 Asia.

127 918 261 955 orbona,
289 918 332 949 N.
355 918 398 948 D.
425 917 493 955 III,
520 919 571 947 25.
599 917 677 953 Dea,
702 919 789 957 cujus
814 918 963 959 templum

82 961 193 991 Romae
207 962 279 999 fuit,
296 961 454 992 orbitatem
471 966 603 991 avertere
618 961 737 990 credita.

127 1006 159 1035 C.
177 1005 353 1041 Orclzinius‚
376 1015 407 1045 p.
424 1004 545 1034 Cluent.
561 1005 613 1033 34.
634 1010 662 1034 et
683 1005 734 1033 53.
751 1004 865 1044 collega
880 1003 966 1034 Cice-

81 1047 163 1077 ronis
178 1047 209 1076 in
225 1047 365 1088 praetura.

127 1091 163 1121 C.
183 1091 362 1127 Orcininus,
388 1089 478 1120 Petit.
495 1089 621 1120 Consul.
642 1091 671 1119 5.
685 1089 799 1119 amicus
816 1089 864 1119 Μ.
880 1089 966 1119 Cice-

81 1133 171 1163 ronis.
196 1134 321 1169 Vereor,
346 1143 383 1163 ne
401 1132 482 1162 idem
501 1143 611 1163 nomen
632 1133 670 1163 sit
685 1143 754 1162 cum
771 1132 966 1173 praecedente.

81 1175 156 1206 Cod.
174 1175 274 1206 Palat.
304 1177 478 1206 Corclzivz'us
491 1187 501 1204 .·
526 1176 601 1205 forte
617 1182 645 1205 et
667 1175 801 1214 ejusdem
824 1175 966 1204 hominis.

126 1219 255 1255 Orestes,
278 1219 371 1249 Tusc.
396 1218 462 1256 III,
486 1220 515 1247 5.
537 1218 679 1248 furiosus.
704 1218 729 1247 F
732 1218 772 1247 in.
791 1217 818 1255 I,
837 1219 889 1247 20.
906 1219 963 1248 &a

79 1261 169 1292 amici
181 1262 367 1302 exemplum.

125 1306 182 1335 Cn.
201 1306 330 1342 Orestes,
352 1315 390 1335 ex
405 1303 552 1340 Aureliis,
574 1314 628 1344 pro
644 1303 753 1333 Plane.
776 1306 827 1333 21.
843 1302 874 1332 in
890 1303 967 1343 peti-

80 1346 161 1377 tione
186 1348 356 1377 tribunatus
380 1349 461 1388 pleb.
480 1347 632 1387 repulsam
656 1346 735 1376 tulit.
759 1346 823 1376 Off.
846 1344 891 1383 II,
918 1346 965 1381 l7.

79 1389 107 1419 ei
122 1390 250 1430 prandia
264 1390 295 1420 in
312 1390 425 1420 semitis
444 1390 579 1420 decumae
594 1389 716 1419 nomine
734 1399 847 1429 magno
861 1389 967 1418 honori

79 1431 175 1463 fuere.
200 1433 293 1463 Dom.
321 1436 370 1463 13.
395 1444 413 1463 a
439 1433 498 1464 Cn.
524 1432 649 1462 Aufidio
674 1431 853 1472 adoptatus:
886 1431 968 1461 unde

81 1475 139 1505 Cn.
160 1476 306 1506 Aufidius
332 1476 454 1506 Orestes
477 1475 576 1505 dictus
600 1480 652 1505 est.
678 1474 795 1505 Consul
818 1474 876 1504 fuit
895 1484 966 1505 cum

80 1517 118 1548 P.
135 1518 268 1548 Lentulo
285 1518 372 1555 Sura,
390 1519 429 1548 A.
445 1519 519 1548 683.

123 1562 163 1591 L.
191 1563 319 1598 Orestes,
343 1563 433 1592 Brut.
456 1563 508 1591 28.
536 1561 640 1591 consul
664 1570 733 1590 cum
756 1560 803 1590 M.
833 1559 964 1600 Lepido,

80 1603 121 1633 A.
139 1604 210 1638 627.
228 1605 277 1635 De
292 1605 330 1634 L.
351 1610 380 1634 et
395 1605 433 1634 C.
451 1604 560 1634 Oreste
577 1603 615 1633 L.
637 1603 674 1633 F.
690 1614 719 1633 V.
737 1603 769 1633 in
785 1604 943 1634 Aurelius.

126 1647 280 1686 Orestilla,
309 1648 453 1686 Aurelia,
480 1646 519 1677 ad
544 1646 618 1677 Div.
643 1645 741 1684 VIII,
767 1647 797 1682 7.
825 1646 966 1677 Catilinae

81 1699 188 1719 amica.

123 1733 171 1761 M.
188 1733 304 1775 Orfim,
325 1733 364 1765 ad
379 1733 451 1764 Div.
468 1731 549 1771 VII,
572 1734 601 1762 5.
618 1730 701 1763 etad
724 1731 766 1770 Q.
783 1733 834 1763 Fr.
852 1731 898 1768 ΙΙ,
919 1732 967 1761 14.

125 1776 274 1814 (clavis.)
694 1775 713 1803 2
732 1783 752 1805 E
