1137 1848
234 32 382 64 INDEX
405 30 772 63 GEOGRAPHICUS.
902 30 921 64 7
923 30 944 59 3

68 118 186 159 scripsit
200 118 356 150 Meursius
369 118 401 148 in
416 118 519 148 libello
533 118 571 148 de
592 118 739 148 Ceramico
752 117 876 156 gemino,
893 114 947 156 qui

66 166 162 192 exstat
176 162 269 193 Thes.
286 160 472 192 Gronovianj
488 160 527 190 T.
545 160 603 190 lV.

108 205 331 240 Chalcedonius,
347 215 366 234 a
383 204 570 238 Chalcedone,
584 204 660 233 urbe
674 201 840 242 Bithyniae.

109 247 295 277 Chalcidicas
308 248 448 286 Euripus,
464 246 501 275 de
524 247 597 277 Nat.
615 246 656 275 D.
681 244 747 281 III,
768 248 817 280 10,
835 244 947 274 fretum

63 289 141 319 inter
149 290 299 321 Euboeam
310 296 338 320 et
349 289 497 320 Graeciam
508 289 720 324 continentem,
732 287 827 326 (quod
839 297 949 318 nomen

64 331 155 362 habet
170 343 187 362 a
205 334 358 369 Chalcide,
375 332 499 362 Euboeae
514 330 603 370 urbe)
626 330 733 371 septies
753 330 801 359 die
816 340 850 360 ac
865 336 950 360 nocte

64 375 250 415 reciprocans
275 375 312 404 de
339 375 455 415 vulgari
477 374 570 404 fam'zl.
594 373 675 404 Plin.
693 372 739 410 ΙΙ,
766 373 826 408 97;
851 372 949 407 Mela,

66 416 113 455 ΙΙ,
130 419 169 452 7:
194 419 232 448 ad
256 429 286 459 q.
306 418 327 448 1.
348 417 408 447 vid.
432 417 589 455 vossium,
610 427 640 457 p.
662 419 738 453 510,
762 417 834 445 511.
858 415 949 455 impr.

67 460 135 490 Liv.
152 460 319 497 XXVIII,
342 461 372 497 6,
395 460 448 500 qui
468 460 550 490 illius
568 459 637 490 freti
654 465 797 489 naturam
822 458 951 489 breviter

66 502 118 533 sed
133 509 268 534 accurate
283 503 431 533 describit.

111 546 252 583 Chaonia,
268 545 307 576 ad
322 546 388 576 Att.
401 545 432 574 V
435 544 462 583 Ι,
479 545 511 581 3,
527 544 608 585 regio
624 544 720 585 Epiri.

113 590 314 627 Cherronesus,
330 589 368 619 ad
380 589 502 619 Brut&
506 594 575 625 ‚est
585 587 653 617 Thr
641 587 724 618 aciae
735 585 950 624 Chersonesus,

67 631 149 661 unde

113 675 331 711 Cherrouenses,
348 674 379 704 in
397 674 498 705 Pison.
515 675 566 704 35.

114 719 317 753 Chersonesus,
333 717 371 748 ad
388 719 452 747 A.tt
470 716 740 755 VI,1,Taurica

114 762 188 791 Chia
208 783 217 797 ,
242 761 341 790 insula
356 760 500 797 Asiatica,
517 760 555 790 ad
575 770 658 790 oram
681 759 906 796 occidentalem,
923 758 955 788 in

70 803 131 844 quiz
143 805 215 833 urbs
231 802 438 842 cognominis3
462 802 544 832 unde
562 803 638 841 (7:51⁴,
655 813 710 843 pro
725 802 818 833 Arch.
837 804 869 832 8.

115 847 252 886 Chrysas,
269 846 300 875 in
317 846 405 876 Verr.
420 845 463 882 V,
481 846 533 882 44,
550 845 660 875 fluvius
675 845 785 876 Siciliae
797 855 851 886 per
863 844 956 874 Asso-

70 889 204 919 rinorum
222 896 250 918 et
262 888 471 928 Agyl-inorum
487 898 594 927 agrum
611 888 716 918 fluens.

116 933 235 971 C'byra,
256 932 416 970 Cinyraloe,
437 931 634 970 Cib-zsruticus.
651 931 690 961 V.
710 931 807 970 Cybir.

115 975 240 1010 Cimbri,
263 984 318 1014 pro
341 973 378 1002 L.
397 973 511 1003 Manil.
535 977 588 1007 20,
613 973 719 1014 populi
739 972 912 1003 Germaniae
926 973 959 1002 in

71 1017 257 1048 Chersoneso
281 1017 319 1046 ab
336 1016 425 1046 Albis
448 1015 523 1046 ostio
544 1017 575 1045 in
594 1017 848 1056 Septemtrionem
869 1015 959 1056 longe

71 1065 275 1101 procurrente,
298 1069 367 1099 quae
383 1058 520 1089 Cimbria
541 1060 578 1089 ab
594 1059 630 1089 iis
646 1058 766 1096 dicitur,
782 1058 871 1088 hodie
885 1059 913 1088 J
914 1065 960 1087 ut-

71 1103 151 1133 land.
175 1102 224 1132 De
239 1102 286 1139 iis,
304 1112 409 1131 eorum
424 1102 615 1141 migratione,
633 1106 662 1131 et
676 1102 755 1132 bello
771 1111 841 1131 cum
865 1101 960 1131 Rom.

72 1150 208 1176 accurate
224 1144 285 1185 egit
302 1143 463 1180 Cellarius,
486 1144 568 1174 Diss.
585 1144 622 1174 de
638 1144 769 1174 Cimbris
785 1150 814 1174 et
829 1143 960 1174 Teuton.

73 1188 151 1218 inter
166 1188 248 1218 Diss.
263 1187 362 1218 Acad.
376 1198 396 1227 p
423 1188 495 1216 488.

118 1231 280 1266 Cinnnerii,
294 1230 389 1260 Acad.
408 1228 469 1266 IV,
491 1234 539 1267 19,
552 1236 624 1260 sunt
635 1231 742 1270 populi
753 1230 883 1260 fabulosi
899 1229 962 1259 Ita-

73 1274 133 1311 liae,
147 1274 184 1303 ab
194 1272 305 1313 oppido
324 1274 488 1309 Cimmerio,
505 1273 586 1313 quod
602 1273 640 1302 ad
655 1273 808 1303 Baianum
822 1279 851 1302 et
867 1273 964 1302 Aver-

74 1326 151 1346 num
175 1316 276 1346 sinum
295 1315 388 1345 fuisse
408 1315 527 1345 dicitur.
562 1316 681 1345 Fabula
696 1322 740 1346 est
762 1326 809 1356 ap.
834 1315 963 1345 Homer.

74 1359 186 1398 Odyss.
203 1363 237 1388 A.
261 1358 312 1388 Ab
328 1359 364 1388 iis
382 1359 543 1389 Cimmeriae
559 1360 680 1387 tenebrat
695 1358 845 1388 dicuntur.

120 1403 290 1437 Cingulum,
307 1401 345 1430 ad
367 1401 432 1430 Att.
456 1400 535 1438 Vll,
554 1404 606 1438 11,
631 1401 758 1441 opidum
785 1401 816 1430 in
842 1400 963 1436 Piceno,

75 1443 148 1475 belli
164 1443 258 1474 civih's
277 1443 440 1474 Caesariani
463 1449 597 1484 tempore
613 1443 796 1473 aedificatum
812 1454 830 1473 a
846 1444 885 1474 Τ.
903 1443 965 1473 La-

75 1487 174 1517 bieno.
213 1486 273 1516 Sed
302 1486 361 1515 fuit
388 1492 531 1526 praeterea
567 1485 650 1515 aliud
681 1488 851 1527 Cingulum,
882 1485 965 1526 quod

78 1529 278 1559 Florentinum
291 1528 411 1564 dicitur,
424 1535 458 1558 ut
468 1530 506 1559 ab
520 1529 578 1560 hoc
592 1527 743 1558 Picentino
756 1529 967 1569 distinguatur.

121 1573 240 1607 Circeii,
262 1571 301 1601 ad
316 1571 382 1601 Aa.
398 1570 479 1607 XII,
499 1574 550 1608 19,
575 1571 647 1601 urbs
671 1581 742 1602 cum
761 1570 966 1612 promontorio

79 1614 199 1645 Veteris
214 1614 308 1651 Latii,
325 1614 460 1653 subjecta
474 1613 626 1644 Pomtinae
639 1614 754 1655 paludi.

119 1658 252 1693 cutiens,
265 1667 283 1686 a
300 1658 402 1693 Cielio,
419 1656 513 1698 Cypri
528 1657 612 1686 urbe.

142 1698 290 1741 (Clavis.)
719 1709 742 1729 1³
