1122 1868
140 51 179 80 18
401 50 550 82 INDEX
573 50 745 83 LEGUM.

139 135 202 165 Tit.
219 136 273 173 25,
288 140 317 165 et
339 135 382 166 ibi
404 136 482 167 viros
505 137 606 168 doctos
627 147 675 178 ap.
697 137 866 178 Schulting.
889 149 918 180 p.
941 141 1016 180 513,

139 188 171 208 se
193 200 201 207 .

172 189 327 251 qurnelia
343 223 532 259 nummaria,
549 220 609 263 quii
623 228 746 252 cautum
762 228 816 259 est,
826 232 864 253 ne
879 224 946 264 quis
957 225 1019 265 pri-

139 270 226 294 vatus
250 273 392 295 nummos
421 264 603 295 adulterinos
632 265 729 299 faciat,
754 265 853 296 infuso
881 267 1018 297 deteriori

141 316 198 336 aere
213 305 245 335 in
259 307 400 344 nobilius,
413 314 465 337 aut
477 308 535 337 alio
550 308 640 337 modo
651 317 850 347 quocumque.
876 309 914 338 In
931 309 1017 339 Verr.

140 349 188 385 II,
205 350 256 378 42.
281 348 500 380 Continebatur
514 350 570 380 hoc
586 349 652 379 faJsi
667 359 763 389 genus
784 350 850 391 lege
865 350 902 380 de
921 351 1017 387 falso;

140 391 205 428 sed,
226 392 307 431 quod
329 392 373 421 nil
390 392 576 432 pestilentius
597 398 639 422 est
661 392 732 432 reip.
750 403 842 433 quam
857 393 1020 424 adulterari

138 442 292 470 nummos,
309 435 374 474 lege
390 435 532 474 peculiari
552 435 589 464 de
609 435 666 464 hoc
686 435 810 465 crimine
824 436 1018 466 sanciendum

138 476 257 516 putavit
269 477 362 507 Sulla.
388 478 426 507 V.
445 477 586 507 Gravinae
598 477 637 507 O.
651 477 682 506 J.
700 488 729 517 p.
747 480 818 508 451.
843 478 917 508 Huc
928 479 1020 519 perti-

139 525 191 548 net
216 519 306 549 etiam
327 521 459 550 edictum
485 521 588 549 Marii
615 521 808 558 Gratidiani,
833 521 901 551 trib.
923 522 964 561 pl.
981 521 1020 552 de

140 571 201 601 quo
217 561 363 592 videndus
380 563 510 599 Plinius,
528 563 570 592 H.
588 563 629 592 N.
647 563 814 599 XXXIII,
831 565 862 599 9,
879 570 953 594 extr.

184 605 318 634 Cornelia
330 606 366 635 de
381 606 547 644 repetundis
559 611 658 635 secuta
673 612 717 635 est
733 607 892 642 Serviliam,
904 617 941 636 ex
957 606 1020 647 qu&

140 655 209 675 curn
222 647 291 684 alia,
305 653 371 678 tum
386 648 453 684 hoc,
466 648 497 678 in
513 658 598 677 suam
615 649 766 678 transtulit
777 648 874 686 Sulla,
890 655 935 686 ut,
949 650 972 679 si
983 659 1021 680 ex

140 689 226 719 bonis
241 690 283 719 rei
298 691 486 720 condemnati
501 700 560 720 non
577 696 695 720 tantum
715 690 907 731 redigeretur,
924 702 1021 732 quan-

141 736 207 761 tum
229 732 255 762 ei
270 733 306 763 lis
327 733 474 763 aestimata
488 739 573 769 esset,
589 733 728 773 persequi
745 735 783 763 ab
802 734 838 763 iis
853 733 964 771 liceret,
981 734 1020 764 ad

140 783 217 813 quos
231 785 266 805 ea
275 776 413 815 pecunia,
424 786 516 816 quam
529 775 652 815 cepisset
661 776 685 805 is
697 775 750 816 qui
761 775 922 806 damnatus
931 783 1017 815 esset,

141 817 330 856 pervenisset.
355 818 406 848 Ex
420 828 481 858 quo
495 818 569 857 leg-is
584 818 680 857 capite
692 824 846 848 accusatus
861 825 915 856 est,
932 819 1019 849 dam-

142 864 212 888 nato
228 860 370 899 Gabinio,
388 861 425 890 L.
439 860 582 891 Rabirius
598 861 771 891 Postumus.
795 861 866 893 Vid.
894 862 949 892 Or.
965 872 1021 903 pro

143 900 223 931 Rab.
241 903 321 932 Post.
339 913 362 933 c.
380 904 409 933 4.

198 945 333 975 Cornelia
366 947 401 976 de
422 947 575 985 prouinciis
602 947 780 977 ordinandis.
815 947 921 986 Hujus
945 947 1020 988 legis

141 987 238 1026 capita
249 988 331 1028 apud
346 988 520 1019 Ciceronem
531 989 594 1019 haec
609 990 741 1030 reperio:
759 991 884 1020 Sumtus
896 990 1020 1020 definie-

141 1029 204 1065 bat,
225 1041 300 1071 quos
322 1031 422 1061 liceret
437 1031 606 1061 civitatibus
625 1032 857 1072 provincialibus
876 1032 971 1063 facere
985 1033 1017 1063 in

140 1071 245 1112 legatis
267 1074 387 1113 publice
405 1074 538 1104 Romam
560 1074 724 1111 mittendis,
741 1081 775 1104 ut
790 1085 838 1105 eos
858 1075 890 1105 in
910 1081 1015 1105 senatu

140 1112 306 1153 laudarent,
326 1116 379 1157 qui
404 1116 564 1156 provinciae
582 1117 778 1157 praefuissent.
812 1117 872 1158 Ep.
888 1118 927 1148 ad
942 1118 1014 1148 Div.

140 1154 205 1194 111,
223 1159 253 1195 8,
278 1162 323 1189 10.
356 1158 523 1195 Sanciebat,
547 1165 593 1195 ut,
610 1160 663 1199 qui
677 1160 843 1200 provincias
864 1171 901 1190 ex
925 1161 956 1191 S.
977 1161 1013 1191 C.

139 1198 205 1239 lege
219 1199 380 1240 Sempronia
393 1201 547 1239 haberent,
560 1202 722 1242 imperium
733 1203 904 1241 retinerent,
915 1203 1016 1244 quoad

138 1240 169 1270 in
184 1242 298 1273 Urbem
307 1244 485 1274 introissent.
509 1244 601 1281 Quod
613 1245 675 1274 sine
686 1245 778 1275 dubio
792 1255 852 1275 non
866 1245 944 1276 hanc
953 1247 1017 1276 vim

138 1282 279 1322 habebat,
296 1293 330 1316 ut
344 1297 382 1316 ex
399 1286 464 1326 lege
485 1286 542 1316 hae
559 1287 720 1327 imperium
735 1287 890 1326 haberent,
908 1294 937 1319 et
951 1299 1016 1319 rem

140 1326 299 1358 militarem
314 1329 459 1369 attingere
473 1335 594 1369 possent
609 1336 758 1370 praetores,
774 1330 856 1371 quod
871 1341 887 1361 e
901 1331 1016 1362 curiata

139 1368 204 1409 lege
217 1370 387 1407 habebant3
411 1371 462 1401 sed
484 1378 529 1407 ut,
543 1372 568 1401 si
583 1382 636 1412 per
650 1373 795 1403 curiatam
805 1373 903 1413 legem
918 1373 1015 1414 impe-

139 1411 218 1442 rium
229 1413 383 1451 haberent,
396 1414 426 1443 id
436 1424 496 1444 non
508 1420 571 1444 tam
580 1415 632 1444 diu
647 1415 800 1452 haberent,
811 1416 910 1456 quoad
921 1427 938 1446 e
947 1427 1017 1457 pro-

140 1453 236 1485 vincia
251 1456 450 1493 decessissent,
464 1457 525 1495 sed,
542 1457 641 1497 quoad
655 1457 687 1487 in
703 1458 818 1488 Urbem
832 1458 1013 1490 introissent.

140 1495 301 1536 Caeterum,
317 1499 468 1539 quomodo
483 1499 514 1529 in
531 1500 585 1529 hac
599 1500 665 1540 lege
679 1500 878 1531 calumniatus
893 1501 931 1531 sit
945 1502 1015 1542 Ap-

138 1538 216 1578 pius,
230 1541 288 1570 vid.
303 1552 348 1582 ep.
365 1542 403 1571 ad
419 1541 490 1572 Div.
509 1542 536 1579 Ι,
550 1544 579 1573 9.
603 1542 690 1573 Conf.
704 1543 805 1582 Sigon.
821 1542 858 1573 de
872 1546 914 1573 A.
927 1544 960 1574 J.
975 1545 1011 1575 P.

140 1581 206 1619 111,
222 1586 272 1620 11,
299 1584 375 1614 circa
397 1584 450 1614 fin.
486 1585 530 1615 Ut
552 1585 699 1616 tricesimo
721 1585 780 1622 die,
806 1591 967 1627 postquam
982 1587 1014 1617 in

137 1625 319 1663 provinciam
344 1626 473 1657 venisset
494 1637 652 1664 successor,
669 1628 706 1658 de
728 1628 881 1669 provincia
906 1636 1016 1670 praetor

139 1665 297 1699 decederet.
322 1669 400 1699 Ibid.
418 1668 483 1706 III,
499 1671 527 1700 6.

183 1710 324 1741 Cornelia
339 1713 375 1742 de
391 1714 523 1743 civitate.
547 1712 594 1744 Ea
610 1714 675 1754 lege
691 1713 893 1745 Volaterranis
906 1714 956 1753 jus
971 1714 1013 1744 ci-
