1122 1868
104 62 162 92 164
311 61 459 92 INDEX
483 60 772 92 HISTORICUS.

150 147 300 185 Coeeilius,
323 147 380 178 Or.
399 147 445 185 II,
466 150 514 177 10.
536 148 665 178 Insuber
688 148 808 185 Gallus,
834 147 924 189 poeta
938 158 988 179 co·

106 190 212 221 micus.
239 191 307 220 Att.
324 190 403 229 VII,
421 192 450 221 3.
463 192 564 221 malus
579 197 682 221 auctor
697 191 879 222 Latinitatis.

152 234 283 264 (facilins
304 235 432 274 Trypho,
448 235 515 265 Att.
533 233 595 267 III,
612 236 641 263 ἔῗ.

151 277 190 306 L.
210 276 356 314 Caeciiius,
372 277 402 306 in
419 278 489 307 Sen.
508 288 537 318 p.
558 276 635 306 Red.
653 278 682 306 9.
697 276 808 306 Milon.
824 278 853 307 4.
868 283 988 318 praetor,

109 320 147 350 P.
164 320 296 349 Lentulo
311 320 470 360 Spinthere
486 320 616 350 consule.
647 319 706 349 Sed
725 320 776 349 alii
791 320 911 350 malunt
928 322 991 351 Coe-

109 364 177 400 lius,
190 368 225 392 ut
240 370 284 393 est
301 363 382 403 apud
403 363 580 392 Asconium.
618 362 798 392 Harduinus
821 369 908 403 putat
929 373 992 394 esse

109 416 192 442 eum,
217 406 270 446 qui
291 416 339 446 ap.
357 406 492 435 Plim'um
510 406 553 435 H.
573 405 615 435 N.
633 404 711 443 VH,
729 408 780 443 455,
797 412 992 436 memoratur.

109 448 169 479 Sed
184 448 227 478 ibi
236 458 408 488 praenomen
425 454 468 478 est
480 449 528 478 M.
546 455 574 478 et
588 448 658 478 libri
674 448 810 488 quidam,
826 449 992 489 praesertim

109 491 175 521 edd.
188 491 301 521 habent
319 493 424 522 Coelius
437 502 446 520 .-
472 502 541 531 quae
555 491 642 521 lectio
658 490 691 520 fit
706 491 870 531 probabilis
882 501 993 532 cogno-

109 534 191 564 mine
207 534 293 571 Rufi,
309 534 391 575 quod
411 540 454 563 est
479 533 654 564 Coeliorum.
676 533 719 563 Et
739 533 796 563 fuit
812 534 860 563 M.
879 533 992 564 Coelius

108 576 211 607 Rufus
222 584 320 607 orator
336 577 460 617 aequalis
477 576 584 614 Calvo,
601 576 654 617 qui
669 576 786 606 exitum
802 586 862 606 non
877 578 993 607 bonum

110 619 236 649 habuit:
262 620 298 650 de
314 630 374 660 quo
390 620 477 649 infra.

152 663 193 692 L.
213 662 355 699 (ua-atius,
377 662 453 693 Suu.
477 665 527 692 22.
555 662 624 691 trib.
648 662 690 702 pl.
713 661 815 701 legem
839 661 994 693 Caeciliam

110 705 177 735 fert.
213 705 284 734 vid.
301 706 371 735 Les=
389 705 514 735 Caecilia.
539 705 617 745 Legi
637 704 778 745 Agrariae
798 706 885 736 Rulli
901 716 931 736 se
946 705 994 735 in-

109 754 309 778 tex-cessurum
324 748 489 788 profitetur.

155 792 194 821 L.
211 793 351 827 (zer-ilius,
367 790 406 820 ad
421 792 462 828 Q.
479 791 530 821 Fr.
547 791 575 829 Ι,
593 794 622 821 2.
641 793 669 820 9.
695 791 862 831 negotiabor
876 791 907 821 in
927 801 997 833 pro-

113 834 213 864 vincia
228 834 292 871 Qu.
308 833 470 864 Ciceronis.

157 877 204 906 M.
222 878 369 913 Caecilius,
386 877 491 906 Divin.
509 877 541 906 in
560 876 662 907 Caecil.
679 878 709 907 9.
735 876 826 908 frater
841 877 883 915 Q.
902 877 999 908 Caeci-

113 919 158 957 lii,
176 921 253 959 ejus,
266 920 297 949 in
313 929 404 960 quem
417 926 461 949 est
473 920 640 949 Dixinatio.

162 963 198 998 Q.
215 963 361 999 (beritius,
378 973 432 1002 pro
455 963 549 993 Corn.
570 963 598 992 1.
615 962 720 992 consul
741 972 812 993 cum
834 962 884 993 M.
902 963 1001 994 Junio

116 1005 230 1036 Silano.
256 1005 314 1035 Est
330 1005 476 1035 Metellus
492 1005 686 1035 Numidicus.

162 1049 198 1084 Q.
216 1050 363 1084 Caecilius,
380 1048 422 1085 Q.
440 1048 477 1078 F.
496 1048 642 1078 Metellus
657 1048 731 1078 Pius
747 1048 856 1089 Scipio.
872 1048 911 1078 ad
925 1048 999 1079 Div.

115 1090 260 1127 V111,8.
282 1091 442 1131 adoptatus
468 1102 486 1120 a
512 1091 553 1128 Q.
578 1091 706 1121 Metello
723 1090 790 1128 Pio,
807 1091 936 1121 Numid.
958 1091 1001 1122 fil.

116 1141 185 1164 ante
196 1135 232 1164 P.
245 1134 355 1174 Scipio,
367 1140 401 1163 ut
412 1133 590 1174 appellatur,
604 1144 658 1174 pro
672 1133 785 1164 Domo
809 1134 897 1164 Socer
907 1135 1001 1165 Pom-

116 1177 205 1216 peii
193 1177 315 1217 Magni,
337 1176 472 1225 ejusdem
493 1176 606 1216 collega
627 1177 658 1206 in
674 1176 841 1206 consulatu.
876 1177 938 1207 Hic
958 1183 1003 1208 est

115 1219 167 1249 ille
188 1220 300 1260 Scipio,
324 1219 378 1260 qui
401 1225 504 1250 contra
530 1219 680 1250 Caesarem
702 1220 733 1249 in
756 1219 861 1250 Africa
886 1220 1002 1252 bellum

137 1262 218 1293 essit.

115 1272 136 1302 g
164 1306 200 1340 Q.
213 1306 348 1336 Caecilius
361 1307 481 1343 Bassus,
497 1305 562 1335 Att.
581 1303 667 1343 11‚9.
681 1311 822 1345 quaestor,
840 1305 957 1336 Caesare
971 1312 1001 1337 et

117 1348 232 1378 Bibulo
244 1358 316 1379 coss.
333 1348 371 1378 ad
385 1348 505 1378 Divers.
522 1347 586 1386 XI,
607 1352 633 1379 l.
651 1358 721 1378 eum
737 1349 874 1388 sperabat
884 1349 1002 1380 Brutus

118 1390 283 1420 firmiorem
309 1391 382 1429 fore,
413 1392 521 1421 nuntio
551 1391 588 1421 de
613 1397 710 1421 morte
739 1391 864 1421 Caesaris
897 1392 1000 1422 anato.

119 1433 200 1462 Phil.
227 1433 288 1470 XI,
314 1434 362 1463 13.
379 1434 543 1464 exercitum
558 1434 589 1463 in
605 1434 681 1463 Asia]
698 1434 832 1474 privatus
847 1434 946 1464 habet.
962 1434 1002 1464 ad

119 1475 192 1506 Div.
210 1476 291 1512 XII,
312 1479 360 1507 ll.
375 1484 404 1507 et
422 1479 470 1506 12.
489 1477 521 1506 in
537 1477 625 1517 Syria
638 1476 788 1517 legionem
803 1476 920 1514 habuit,
934 1488 1003 1517 quae

119 1518 158 1548 ad
174 1519 210 1549 C.
233 1517 373 1549 Cassium
394 1520 485 1557 venit,
502 1520 597 1549 invito
622 1520 727 1549 Basso.
753 1519 791 1549 ad
817 1519 890 1549 Div.
917 1519 1000 1558 XII,

124 1564 171 1591 18.
196 1562 296 1591 Deiot.
307 1563 337 1591 8.
355 1564 385 1593 9.
402 1562 454 1592 ubi
467 1562 546 1592 male
561 1563 652 1602 vulgo
670 1561 782 1591 Canius
797 1568 849 1592 est.
871 1562 922 1593 De
936 1568 1001 1593 tur-

119 1604 166 1634 bis
181 1605 219 1634 ab
235 1604 309 1634 eoin
323 1605 410 1645 Syria
425 1605 514 1635 motis
529 1605 588 1635 vid.
605 1605 732 1645 Joseph.
750 1604 845 1640 XIV,
864 1607 913 1634 11.

166 1648 202 1682 Q.
223 1647 363 1686 Caecilius,
378 1649 446 1678 Att.
464 1646 491 1685 Ι,
511 1649 537 1678 l.
565 1649 612 1678 12.
637 1648 806 1686 foenerator,
830 1648 998 1679 avunculus

120 1688 222 1720 Attici.
