1122 1868
116 104 180 137 502
269 106 417 137 INDEX
441 106 545 137 GRAE
551 105 838 138 CO-LATINUS.

113 191 218 222 eadem
231 198 275 223 est
285 203 295 229 3
312 202 410 233 neque
420 202 525 223 omnes
533 202 640 223 verum
651 202 772 223 sensum
782 191 908 223 assecuti
916 197 998 222 sunt.

115 234 234 273 Φορβεια
248 235 323 276 quid
346 236 395 273 sit,
418 235 546 266 docuere
569 236 696 266 Salmas.
725 235 764 265 ad
787 235 882 266 Solin.
905 245 935 276 p.
949 245 1001 265 mx

113 279 188 313 585,
205 279 279 315 586,
295 278 349 308 ubi
371 278 463 309 etiam
489 278 527 309 de
548 278 604 309 hoc
618 278 682 309 loco
697 278 881 318 disputavit;
905 283 934 307 et
949 277 998 307 in·

112 326 256 360 terpretes
270 321 309 351 ad
325 321 512 362 Longinum,
528 321 549 351 1.
566 331 590 352 c.
606 330 715 362 nempe
737 321 914 362 capistrum,
936 330 998 361 quo

111 363 248 393 tibicines
264 364 404 404 spiritum
426 367 572 401 coercent,
593 373 631 393 ne
655 364 768 394 nimius
793 369 822 394 et
847 363 996 393 immode-

112 412 193 436 ratus
209 406 240 436 in
264 407 368 437 tibiam
384 408 541 447 irrumpat.
566 406 648 436 Hinc
669 418 738 446 ατερ
755 407 889 445 <coffinus
902 411 998 436 meta-

111 449 233 489 phorice
256 456 300 480 est
329 451 390 480 sine
416 452 509 479 modo.
548 448 706 480 Caecilium
740 449 812 478 dicit
836 449 996 489 Longinus

111 502 173 521 esse
199 493 317 532 egregio
335 492 452 534 spiritu,
478 492 529 523 sed
553 502 623 522 cum
645 498 811 532 temperare
836 501 906 521 eum
934 500 995 521 non

109 535 212 574 possit,
229 535 359 565 nimium
374 536 470 572 evehi,
482 541 510 565 et
524 534 594 564 inde
609 540 772 572 tumorem,
785 545 929 572 μετεωρα,
942 544 995 564 ex-

111 577 221 607 sistere.
245 578 305 616 Sic,
318 588 387 608 cum
405 577 570 618 Pompeius
584 577 694 607 dicitur
705 576 823 616 magnis
839 576 919 606 tibiis
936 577 995 614 uti,

109 625 138 649 et
154 620 343 651 vehementer
358 631 406 650 eas
421 621 537 657 inflare,
554 619 605 650 sed
620 619 683 650 sine
697 620 836 660 capistro,
850 619 907 649 hoc
921 619 996 649 dici-

108 669 176 693 tur:
195 663 377 703 Pompeium
389 663 502 693 viribus
518 663 590 700 suis,
602 673 670 703 quae
681 672 800 703 magnae
815 661 886 700 sint,
899 663 995 697 abuti,

106 711 146 742 et,
160 715 182 735 c·
179 715 230 735 un
245 705 461 746 cupiditatibus
476 706 538 736 suis
548 705 693 735 modum
685 715 839 746 imponere
854 714 914 734 non
926 715 995 745 pos-

105 748 155 785 sit,
173 748 264 778 nimis
283 749 342 778 alte
364 749 480 779 evolare
495 748 581 786 velle,
598 758 692 788 eaque
715 757 833 788 cupere,
851 758 920 788 quae
939 753 994 778 aut

106 790 176 821 ferri
191 801 251 821 non
266 791 392 832 possint,
409 797 462 821 aut
476 792 540 864 ipIse
555 800 615 821 non
630 790 723 831 possit
738 799 781 821 ce.
774 790 890 831 isequi.

151 841 277 869 Φυσικοι,
289 835 414 875 physici,
431 834 602 872 Or.1,50.

151 885 273 910 Φυσικην
294 889 345 911 την
368 889 438 916 προς
452 889 491 907 τα
506 888 605 914 τεκνα,
626 877 794 906 naturalem
810 886 938 907 amorem
960 877 992 907 in

108 919 224 955 liberos,
238 919 277 950 ad
289 919 355 950 Att.
371 919 451 957 VII,
470 922 499 950 2.

150 970 315 1003 Φωσφορος,
332 964 475 1005 Lucifer,
493 962 604 1001 Venus,
621 963 695 993 Nat.
713 962 754 992 D.
771 961 816 1000 II,
833 965 885 992 20.

521 1053 556 1078 X.

152 1144 253 1175 Χαιρε,
268 1136 359 1173 salve,
376 1134 445 1165 Fin.
462 1135 490 1173 I,
501 1138 531 1166 3.

147 1179 429 1219 xxpaxrnpff'orma
444 1179 500 1216 rei,
516 1176 574 1219 qud
590 1179 718 1208 maxime
739 1178 914 1219 agnoscitur
931 1188 989 1214 res,

106 1223 317 1261 etjmlicutur,
335 1220 390 1251 Or.
410 1223 459 1250 11.

145 1271 316 1304 Χαρακτηρ,
332 1264 370 1293 ad
385 1264 448 1302 Qu.
465 1264 517 1293 Fr.
533 1262 579 1301 II,
594 1267 644 1302 15,
660 1270 702 1294 est
717 1264 812 1298 stilus,
826 1263 989 1305 siveforma

101 1309 250 1343 orationis,
264 1316 357 1344 genus
370 1307 512 1337 dicendi.-
531 1316 602 1336 nam
615 1306 778 1348 opponitur
792 1317 838 1337 res
853 1312 882 1337 et
896 1318 990 1348 χαρα·

100 1363 154 1385 κτη
176 1371 184 1379 .

145 1363 224 1427 >ann
242 1403 379 1432 ακρατος,
392 1393 459 1422 bilis
473 1403 565 1430 mera,
581 1392 619 1422 ad
635 1392 710 1422 Div.
725 1391 820 1429 XIV,
838 1393 868 1422 7.

143 1442 238 1475 Χρεων
252 1445 405 1470 αποκοπαι,
423 1435 551 1474 φυγαὸιυν
568 1435 691 1472 καθοδοι,
715 1435 821 1466 talmlae
835 1445 925 1469 nnvoe,
940 1445 987 1465 ez*-

98 1478 198 1507 sulum.
220 1479 346 1514 reditus,
369 1477 407 1507 ad
423 1478 488 1508 Att.
506 1476 585 1514 VII,
605 1480 654 1507 ll.
695 1479 816 1509 Tabulae
838 1489 917 1508 7102*ae
941 1478 987 1508 di·-

98 1526 208 1550 cuntur
235 1532 326 1561 χρεων
354 1532 508 1557 αποκοπαι,
530 1520 611 1561 quod
636 1526 793 1561 propterea
816 1521 882 1561 lege
907 1520 988 1550 fiunt

98 1574 180 1594 ⁷101*ae
198 1563 315 1599 tabulis,
338 1568 372 1592 ut
387 1563 512 1593 nomina
526 1564 623 1601 aliter,
647 1569 676 1593 et
701 1563 812 1594 resecta
829 1568 914 1604 parte
929 1563 985 1593 ali-

97 1606 170 1647 quit,
186 1605 218 1635 in
233 1605 269 1635 iis
284 1604 462 1644 scribantur,
486 1612 644 1647 tamquam
660 1616 699 1636 aes
714 1616 769 1647 pro
783 1612 926 1646 argento:
950 1606 981 1636 h.

95 1659 120 1679 e.
137 1651 179 1679 25
194 1658 248 1689 pro
264 1648 333 1682 100,
345 1654 379 1677 ut
394 1654 438 1678 est
452 1649 534 1689 apud
549 1649 728 1679 Sallustium
744 1649 775 1679 in
791 1649 870 1680 Bell.
887 1648 978 1679 catil.

136 1699 245 1732 Χρησει
268 1704 318 1729 μεν
342 1696 423 1729 tuus,
441 1703 542 1726 κτησει
560 1691 585 1720 δε
603 1691 701 1722 Attici
717 1691 820 1730 nostri,
844 1701 900 1720 usu
915 1692 982 1731 qui-

91 1735 154 1764 dem
172 1741 250 1769 tuus,
262 1734 435 1773 possessione
450 1739 546 1764 autem
559 1733 671 1771 Attici,
686 1734 724 1764 ad
738 1734 811 1764 Div.
829 1732 908 1771 VII,
925 1736 978 1765 29.
1000 1759 1017 1775 s

987 1789 1010 1810 s>
