1137 1848
330 104 481 137 INDEX
504 105 791 138 HISTORICUS.
933 105 996 141 279

156 191 311 231 Lysiades,
326 190 532 223 Atheniensis.
556 191 637 222 Phil.
653 191 697 231 V,
713 193 743 222 5.
760 191 882 222 Phaedri
896 190 996 233 philo-

115 243 148 264 so
170 234 202 264 hi
213 234 303 264 filius.

148 245 274 317 pLssias,
286 282 383 307 orator
398 275 602 308 Atheniensis.
622 278 711 308 Brut.
731 281 779 308 16.
793 276 925 308 Athenis
944 286 999 306 na-

113 324 163 350 tus
179 324 208 350 et
222 325 359 350 mortuus
374 326 426 350 est.
450 320 587 350 Timaeus
603 321 756 361 Syracusis
771 331 841 350 eum
856 320 998 351 vindicat.

115 362 270 392 Plurimas
285 362 432 393 orationes
448 373 532 393 veras
546 363 677 405 reliquit.
695 363 750 393 Or.
769 362 796 401 I,
808 364 860 393 54.
884 362 999 393 Socrati

113 405 279 435 orationem
297 405 441 446 scriptam
464 405 557 443 dedit,
577 407 640 447 qua
663 411 797 436 uteretur
812 406 850 435 ad
872 405 998 445 judices.

113 447 203 478 Brut.
229 451 275 478 12.
300 448 417 488 primus
435 448 587 489 professus
613 454 666 484 est,
683 459 744 480 esse
765 454 860 478 artem
875 447 1004 478 dicendi.

116 490 172 521 Or.
190 494 241 521 26.
260 491 331 521 satis
346 491 378 521 in
392 491 576 523 orationibus
591 492 713 523 facetus.
748 492 796 523 Cf.
815 491 853 522 de
877 491 933 522 Or.
952 489 1000 529 11,

116 537 168 564 22.
191 534 279 564 Brut.
297 534 328 569 7.

160 577 281 616 Lysias,
308 577 377 606 Fin.
403 577 445 613 V,
473 579 503 607 5.
536 577 683 609 Stratonis
707 576 882 618 discipulus.
918 575 1002 613 Quia

116 620 220 649 nullus
249 620 397 650 Stratonis
421 620 587 661 discipulus
610 621 666 651 hoe
688 620 811 650 nomine
835 626 925 650 notus
947 625 1001 655 est,

120 661 176 692 viri
192 662 270 692 docti
285 662 392 701 legunt
409 663 498 701 Lyco,
514 663 551 693 de
566 674 627 704 quo
642 674 742 704 supra.

161 705 279 744 Lysias,
295 705 377 734 Phil.
394 704 492 744 VIII,
509 707 539 737 9.
554 716 635 736 unus
650 707 687 736 de
702 715 791 746 grege
807 705 855 735 M.
871 704 1002 735 Antonii

120 746 241 777 IIIviri.
267 748 421 786 Muretus,
443 758 498 788 pro
517 750 659 789 Lysstnte,
680 749 800 789 legebat
815 749 933 787 Lyside.
957 747 1006 776 Ea

119 790 245 820 nomina
259 790 336 820 inter
351 801 382 820 se
393 791 537 821 confundi
551 791 658 822 docent
672 791 729 822 viri
743 791 823 822 docti
837 790 875 821 ad
890 790 921 821 N
925 795 1004 831 epot-

119 833 147 863 E
160 843 232 863 iam.
248 836 277 863 2.

149 844 337 916 ILysidicus,
353 876 435 906 Phil.
449 875 513 914 XI,
530 877 560 906 6.

164 919 369 960 Lysimachus.
383 919 474 950 Tusc.
487 919 514 955 Ι,
531 920 583 949 43.
594 919 637 957 V,
648 920 700 950 40.
712 930 764 950 rex
777 919 927 955 Thraciae,
938 924 1008 948 ante

122 961 186 992 dux
202 962 382 992 Alexandri.
407 962 565 993 Theodoro
578 962 723 1003 Cyrenaeo
738 962 917 1003 philosopho
929 961 1008 990 frus-

121 1011 168 1034 tra
183 1015 301 1035 crucem
316 1005 460 1035 minatur.
482 1005 538 1040 (V.
560 1006 725 1035 Theodorus
742 1006 921 1045 Cyrenaeus.)
938 1005 1005 1034 Bu-

121 1047 234 1085 herius,
251 1047 330 1077 adh.
347 1047 368 1078 l.
385 1048 575 1089 reprehendit
590 1047 869 1083 Aldobrandinum,
887 1047 951 1087 qui,
969 1046 1008 1076 ad

125 1091 228 1121 Lae'rt.
241 1090 287 1127 ΙΙ,
309 1094 379 1122 102.
392 1101 493 1132 regen]
506 1090 695 1121 Macedoniae
704 1096 799 1121 vocat.
813 1090 919 1120 Male:
936 1099 1010 1119 nam

124 1139 154 1164 et
168 1133 383 1164 Macedoniam
399 1134 456 1164 sibi
472 1133 642 1164 vindicavit.

165 1177 325 1217 Lysippus,
336 1177 505 1217 Sicyonius,
517 1175 677 1206 statuarius
688 1175 904 1206 nobilissimus.
918 1175 1010 1205 Brut.

123 1219 174 1250 86.
203 1219 423 1259 Doryphorum
449 1219 597 1260 Polycleti
622 1218 680 1248 sibi
710 1219 890 1259 magistrum
916 1217 1010 1248 fuisse

123 1262 250 1293 dicebat.
273 1261 324 1291 Ad
339 1262 370 1292 h.
386 1262 408 1292 1.
419 1262 519 1292 confer
535 1262 616 1292 Plin.
632 1261 676 1291 H.
691 1262 732 1291 N.
743 1261 907 1299 XXXIV,
925 1262 953 1290 8.
970 1260 1009 1290 ad

124 1304 198 1335 Div.
214 1305 258 1343 V,
279 1308 326 1334 12.
349 1303 528 1335 Alexandro
542 1304 631 1335 unice
645 1305 798 1345 probatur.
823 1303 879 1335 Or.
895 1302 960 1343 ΙΙΙ,
977 1303 1006 1339 7.

124 1347 263 1378 Herenn.
281 1346 342 1385 IV,
355 1348 385 1377 6.
403 1348 461 1378 διο.

168 1391 271 1430 Lysis,
296 1390 493 1428 Tarentinus,
521 1388 578 1421 Or.
606 1387 670 1427 ΙΙΙ,
694 1390 745 1420 34.
761 1389 798 1420 de
823 1388 886 1420 Off.
903 1389 932 1427 Ι,
956 1389 1009 1420 44.

124 1433 346 1474 Pythagoreus,
363 1433 586 1473 Epaminondae
600 1438 774 1474 praeceptor.
797 1432 839 1464 V.
854 1432 1009 1475 Nepotem

124 1476 157 1506 in
172 1477 284 1516 Epam.
299 1478 328 1505 2.
341 1482 371 1506 et
384 1476 427 1505 ibi
442 1475 519 1507 Intt.

169 1520 310 1560 Lysones‚
322 1524 407 1559 pater
416 1524 446 1549 et
456 1517 547 1556 filius,
559 1517 753 1560 Lilybaetani‚
767 1517 805 1548 ad
817 1517 890 1549 Div.
907 1516 1010 1555 XIII,

170 1605 260 1645 Lyso,
287 1603 453 1644 Patrensis,
470 1603 509 1635 ad
522 1603 596 1635 Div.
612 1602 713 1643 XIII,
732 1607 781 1635 19.
801 1603 909 1645 hospes
925 1602 1011 1635 Cice-

128 1657 218 1679 roms.
