1122 1868
145 39 186 67 14
421 36 568 68 INDEX
592 36 765 68 LEGUM.

186 121 335 153 Carbonis
348 123 527 158 tribunicia,
538 128 573 153 ut
584 123 697 163 populo
711 122 854 154 eumdem
865 122 1023 153 tribunum

143 176 242 196 creare
256 165 369 203 liceret,
385 166 502 206 quoties
518 166 616 196 vellet.
641 166 680 195 Ei
696 166 868 196 restiterunt
883 165 983 206 Scipio
998 172 1028 196 et

144 209 267 238 Laelius.
292 208 366 238 Lael.
383 209 433 238 21.
456 208 514 239 Est
535 210 570 239 C.
588 209 746 246 Carbonis,
769 209 837 240 trib.
852 209 895 249 pl.
911 208 949 239 de
966 218 1028 249 quo

145 262 175 282 v.
190 251 257 281 Iud.
275 251 358 281 Hist.

191 295 337 325 Carbonis
354 293 517 333 (ejusdem)
538 299 566 324 et
583 295 708 325 Silvani
728 294 777 324 lex
794 293 965 330 tribunicia,
981 293 1024 323 A.

144 337 185 368 U.
202 338 263 367 664
287 337 358 373 lata,
375 339 413 367 de
429 337 559 373 civitam,
586 344 631 374 ut,
656 338 709 378 qui
734 337 881 367 foederatis
900 337 1027 367 civitati-

144 381 203 410 bus
228 380 368 420 adscripti
395 386 501 417 essent,
528 386 567 416 et,
584 389 653 410 cum
681 380 744 410 haec
768 380 818 410 lex
842 379 978 416 ferretur,
994 379 1026 408 in

144 422 236 452 Italic»
251 422 437 452 domicilium
452 423 608 459 haberent,
619 429 648 452 et
659 423 815 462 sexaginta
829 421 935 452 diebus
947 421 1029 462 apud

143 471 302 505 praetorem
329 465 549 506 profiterentur,
571 465 592 494 ii
614 465 691 495 cives
715 466 807 495 Rom.
832 465 948 504 optimo
959 465 1028 504 jure

143 513 248 537 essent.
275 508 334 537 Pro
351 507 474 546 Archia,
488 518 513 538 c.
527 509 556 537 4.
582 508 704 538 Dicitur
719 508 810 538 etiam
829 508 958 538 Plautia
980 507 1027 537 vel

147 551 261 587 Plotia,
278 561 295 580 a
310 550 443 587 Silvano,
460 550 513 591 qui
528 561 544 580 e
560 551 675 580 familia
692 551 792 580 Plotia
806 550 873 580 fuit„

189 594 334 624 Carbonis
349 595 519 624 tabellaria.
542 593 613 624 Vid.
636 595 817 623 Tabellariae
839 595 927 632 leges.

188 638 303 670 Cassia,
320 638 356 666 de
378 643 485 667 senata
496 652 507 672 ‚·
531 647 600 677 quae
618 638 728 675 populi
742 637 867 675 judicia
881 634 1030 678 firmdssc

142 681 270 710 dicitur.
294 680 352 709 Est
361 680 496 718 ejusdem
510 680 547 709 L.
560 679 658 709 Cassii
670 680 818 718 Longini,
834 679 903 709 trib.
920 679 1028 719 plebis,

143 733 162 753 a
177 733 237 763 quo
253 722 408 752 tabellaria
421 722 554 762 profecta
569 728 622 759 est,
647 722 682 752 C.
700 722 802 752 Mario
818 728 847 752 et
862 722 897 752 C.
921 722 1030 752 Flacco

144 775 217 795 coss.
238 766 311 801 lata,
332 768 383 804 (ut
410 765 560 795 Asconius
580 764 686 802 tradit)
713 771 834 805 propter
860 764 1030 794 simultates

145 818 217 838 cum
232 808 273 845 Q.
290 807 422 845 Caecilio,
437 808 484 838 cui
499 808 630 848 populus
646 808 819 848 imperium,
836 808 875 837 ob
891 818 936 837 res
950 806 1032 836 male

144 861 216 881 cum
232 849 364 880 Cimbris
381 856 489 891 gestas,
505 852 710 891 abrogaverat.
735 850 820 880 Nam
834 849 869 880 ea
882 850 949 890 lege
963 858 1032 880 san-

144 893 240 923 citum
263 898 317 929 est,
334 899 379 927 ut,
396 903 488 934 quem
510 893 641 933 populus
664 893 847 926 damnasset,
868 892 953 923 cuive
972 891 1031 922 im-

144 936 264 976 perium
279 936 461 975 abrogirsset,
477 936 502 966 is
518 936 549 965 in
564 941 668 966 senatu
684 945 745 965 non
760 941 844 966 esset.

190 980 298 1009 Cassia
314 980 486 1008 tabellaria.
506 978 546 1008 V.
576 979 758 1008 Tabellaria>
773 980 860 1017 leges.

190 1023 296 1052 Cassia
317 1022 697 1062 Terentiasrzwnentaria.
722 1022 762 1052 V.
784 1021 1029 1053 Frumentarioe.

192 1065 228 1100 Q.
248 1065 354 1094 Catuli
368 1066 405 1094 de
419 1066 457 1094 υἱ.
482 1064 553 1094 Vid.
572 1063 712 1094 Lutatia.

191 1108 341 1138 Censorioe
352 1107 396 1141 (in
407 1107 494 1138 Verr.
504 1106 551 1145 II,
560 1109 614 1144 55)
625 1113 705 1145 sunt,
720 1108 750 1145 1)
761 1107 910 1145 formulae,
920 1107 1034 1148 quibus

146 1160 282 1181 censores
294 1156 406 1180 veteres
421 1150 546 1190 templa,
562 1155 616 1180 aut
630 1150 690 1180 alia
705 1160 796 1190 opera
810 1150 943 1190 publica,
960 1150 1032 1180 aedi-

148 1192 265 1223 ficanda
279 1193 429 1230 locabant,
446 1198 481 1222 ut
496 1203 533 1222 ex
556 1192 592 1222 iis
617 1203 635 1222 a
656 1193 874 1223 redemtoribus
897 1198 1033 1223 exstrue-

146 1242 249 1265 rentur
261 1241 291 1265 et
302 1235 497 1265 traderentur.
522 1234 574 1265 Ex
584 1245 618 1265 eo
629 1236 694 1266 loco
704 1235 833 1276 intelligi
842 1241 949 1276 potest,
962 1235 1034 1266 istas

146 1278 293 1308 formulas
308 1288 426 1318 semper
442 1283 570 1308 retentas
585 1277 687 1315 fuisse,
704 1278 756 1308 sed
770 1278 823 1314 ita,
839 1284 875 1308 ut
889 1289 906 1309 e
920 1289 952 1309 re
966 1277 1033 1318 ips'a

148 1320 289 1361 quaedani
304 1321 476 1351 censoribus
498 1322 651 1360 corrigere
676 1321 787 1359 liceret,
811 1320 841 1350 h.
859 1331 883 1350 e.
900 1322 1033 1351 addere.-

150 1365 360 1402 Corrz'gzmcur
374 1364 454 1402 leges
466 1365 622 1394 censoriae.
649 1364 734 1399 Quid
749 1364 832 1394 enim
843 1364 859 1393 52
890 1365 982 1395 Video
999 1364 1033 1393 in

148 1408 255 1436 multis
271 1407 420 1437 veteribus
433 1408 551 1446 legibus
563 1418 573 1436 .·
602 1408 658 1438 Cn.
680 1408 849 1442 Domitius,
870 1407 904 1437 L.
922 1406 1035 1437 Metel-

147 1451 207 1484 lus,
224 1449 278 1490 (Sc.
295 1451 498 1487 addiderunt,
515 1450 569 1492 (ξέ-
587 1448 622 1486 2)
636 1450 684 1480 De
702 1450 840 1480 Provinc-
857 1449 947 1480 Cons.
964 1460 988 1480 c.
1000 1450 1034 1487 5,

147 1498 261 1529 autem,
279 1493 347 1522 Lea*
364 1494 509 1523 Censoria
533 1499 577 1523 est
598 1493 741 1529 formula,
757 1492 820 1533 qua
834 1492 1003 1533 publicanis
1018 1501 1038 1521 a

148 1535 320 1565 censoribus
338 1536 495 1575 vectigalia
518 1536 613 1566 locata
634 1541 715 1572 sunt,
737 1545 806 1576 quae
828 1541 857 1565 et
880 1534 1038 1575 vectigalia

146 1577 223 1617 ipsa,
241 1588 309 1617 quae
318 1577 506 1615 locabantur,
522 1584 551 1609 et
562 1578 756 1614 conditiones,
773 1578 885 1618 quibus
896 1578 1037 1608 locaban-

148 1625 210 1655 tur,
238 1620 419 1655 continebat,
436 1627 471 1651 ut
494 1627 523 1650 et
542 1620 656 1661 populo
676 1626 705 1651 et
725 1619 943 1650 redemtoribus
966 1629 1037 1660 pro-

151 1662 321 1702 spiceretur.
357 1663 438 1693 Hinc
467 1663 572 1694 Cicero
585 1675 593 1693 z
619 1664 651 1693 Si
676 1664 730 1703 qui
757 1664 812 1703 (sc.
839 1661 1034 1703 publicanus)

145 1705 356 1746 puhlicofi'ui
368 1708 539 1747 vzonpoluic
551 1717 607 1746 per
622 1708 746 1743 hostem,
761 1706 876 1747 tegitur
893 1704 960 1746 ipsa
977 1706 1039 1744 lcge
