1122 1868
164 62 228 92 364
373 61 523 94 INDEX
546 63 834 96 HISTORICUS.

211 148 270 179 Cn.
286 148 421 188 Sergius,
433 148 520 180 Verr
538 148 598 188 IV,
615 150 667 180 43.
685 150 872 181 decumanus
885 150 917 180 in
932 149 1046 181 Sicilia.

166 189 378 221 Venerius.-

209 234 250 264 L.
268 235 400 273 Sergius,
419 234 508 266 Verr.
525 233 585 273 IV,
602 236 652 271 78.
674 235 772 266 scriba
792 234 944 267 Ciceronis
965 246 1049 277 quae-

165 276 261 307 storis.

208 320 248 350 L.
266 321 402 359 Sergius
418 320 512 350 Dom.
532 322 562 350 5.
580 321 737 351 familiaris
753 321 790 351 P.
808 321 919 358 Clodii,
935 321 989 362 qui
1004 320 1049 358 Q.

168 362 332 393 Metellum
344 364 509 400 consulem
525 363 560 393 P.
573 364 673 394 Llodu
683 365 818 399 fratrem
830 363 981 404 lapidibus
996 374 1051 404 ap-

166 406 273 446 petivit
288 412 317 435 et
331 407 487 446 percussit
504 406 591 447 eique
611 417 653 444 se,
669 407 708 437 ad
723 406 782 438 Cn.
799 406 1010 447 Pompeium
1002 416 1050 436 m-

166 448 384 486 terficiendum,
397 449 517 479 obtulit.

214 492 250 525 Q.
265 493 400 530 Sergius,
417 491 539 522 Cluent.
554 492 583 521 8.
600 497 729 532 senator,
741 491 820 523 inter
834 492 952 523 sicarios
963 491 1051 522 dam-

167 540 256 565 natus
271 540 325 564 est.

210 577 374 614 Serranus,
400 578 439 607 ab
464 582 562 608 aratro
581 576 716 608 dictator.
746 577 831 608 Sext.
850 581 903 610 33.
924 581 977 609 39.
997 579 1050 608 43.

171 621 227 651 διε.
255 620 295 650 V.
311 621 343 650 in
358 620 498 650 Attilins.

213 665 248 694 C.
265 665 427 700 Serranus,
449 663 529 692 Rab.
552 662 641 692 Perd.
658 663 687 698 7.
720 669 764 694 est
787 664 902 704 collega
918 662 960 701 Q
980 662 1049 694 Cae-

167 706 275 747 pionis.
293 706 342 735 De
358 705 463 736 eodem
479 705 579 746 accipe
590 705 695 737 Plane.
709 709 738 737 5.
760 717 799 738 ex
816 707 943 738 lectione
963 706 1053 736 Grae-

170 749 268 779 viane..
293 749 333 779 V.
347 750 379 779 C.
398 751 536 779 Serenus.

212 794 294 822 Sext.
307 794 461 822 Serranus
475 792 643 822 Gavianus.
653 791 721 822 Att.
735 792 796 831 IV,
809 794 840 822 2.
855 792 996 822 tribunus
1007 791 1051 832 pl.

169 835 329 875 Spinthere
345 841 373 865 et
390 834 518 864 Metello
533 845 605 864 coss.
621 834 775 865 intercedit
789 836 870 866 sGto
885 835 922 865 de
937 834 1053 865 aedibus

170 878 307 908 Ciceroni
322 876 529 912 restituendis;
553 877 604 907 sed
619 877 710 917 paulo
725 883 793 918 post
813 877 957 908 concedit.
975 877 1052 906 Har.

171 920 266 961 Resp.
292 922 339 951 15.
360 920 467 950 sacella
486 920 654 950 inaedificat.
689 919 740 950 De
760 921 816 951 hoc
839 921 938 960 accipe
962 919 1054 950 etiam

171 964 256 994 Sext.
270 967 323 1001 33,
345 965 368 981 “
390 963 546 999 Serranus,
568 972 629 992 non
645 964 683 993 ab
699 970 808 1001 aratro,
825 963 913 1001 sed,''
930 963 987 993 ‹Soc-
1011 962 1053 993 V.

171 1006 209 1036 de
224 1007 280 1036 hoc
295 1007 371 1043 loco,
390 1005 526 1035 Perizon.
541 1005 708 1035 Animadv.
726 1006 806 1036 Hist.
823 1016 847 1036 c.
866 1007 892 1036 l.

215 1052 367 1079 Serranus
378 1049 582 1086 Domesticus,
598 1048 637 1078 ad
649 1048 689 1085 Q.
703 1049 754 1078 Fr.
771 1048 838 1086 III,
849 1049 877 1078 8.
895 1049 959 1088 ejus
973 1047 1056 1078 filius

171 1092 309 1122 moritur.
325 1091 445 1122 Laudat
460 1098 544 1132 pater
559 1090 668 1131 scripto
682 1090 842 1122 Ciceronis.
866 1091 918 1121 Ex
933 1101 994 1131 quo
1008 1091 1056 1120 in-

171 1135 273 1175 tellige
294 1135 447 1164 diversum
468 1144 529 1164 esse
551 1135 589 1164 ab
611 1134 664 1163 ino
679 1135 782 1171 Sexto,
797 1134 835 1164 de
850 1144 911 1174 quo
925 1134 1053 1171 dictum,

171 1177 295 1208 inimico
316 1177 477 1208 Ciceronis.
505 1177 674 1207 Domesticz'
691 1186 802 1207 nomen
821 1176 948 1217 reperies
963 1176 1054 1207 etjam

168 1220 202 1251 in
216 1220 316 1261 lapide
331 1219 413 1260 apud
429 1220 608 1254 Gruterum,
630 1219 813 1257 DCCCIX,
830 1221 860 1250 9.

217 1263 272 1293 Cn.
295 1264 423 1300 Senius,
448 1263 535 1294 Verr.
558 1261 624 1300 ΙΙΙ,
649 1265 700 1292 48.
723 1272 814 1304 eques
835 1262 1007 1300 Romanus,
1031 1261 1056 1292 si

173 1306 261 1336 lectio
276 1316 348 1336 sana
364 1312 417 1336 est.

219 1350 254 1382 Q.
269 1350 430 1384 Sertorius,
451 1348 540 1378 Brut.
567 1349 617 1379 48.
639 1347 737 1388 qualis
756 1347 789 1378 in
807 1347 933 1378 dicendo
953 1347 1054 1377 fuerit.

171 1391 297 1422 Muren.
323 1394 370 1423 15.
394 1391 569 1421 sollicitatur
589 1402 607 1421 a
630 1391 820 1427 Mithridate,
836 1397 872 1420 ut
886 1401 916 1420 se
934 1400 1004 1420 cum
1020 1400 1055 1420 eo

171 1435 343 1475 conjungat.
359 1435 399 1465 V.
414 1435 454 1464 L.
469 1436 589 1464 Rabius
604 1441 633 1464 et
643 1435 778 1472 Magius.
793 1433 902 1463 Manil.
920 1434 949 1462 4.
966 1444 984 1463 a
994 1433 1053 1463 Cn.

171 1477 319 1518 Pompeio
337 1477 475 1508 vincitur.
508 1477 569 1507 Hie
592 1476 767 1506 notissimus
789 1477 1000 1506 Romanorum
1022 1475 1054 1505 in

173 1519 325 1560 Hispania
342 1520 455 1555 hostis;
486 1526 515 1550 et
537 1519 653 1550 bellum
677 1529 747 1549 cum
771 1529 806 1549 eo
830 1526 949 1558 gestum
977 1528 1055 1559 saepe

173 1569 371 1599 memoratur,
396 1573 424 1593 v.
446 1572 470 1593 c.
495 1562 570 1603 Agr.
588 1561 702 1600 11‚30.
727 1562 814 1592 V.err
841 1560 899 1598 V‚1
924 1562 974 1591 28.
1000 1562 1052 1592 56-

172 1603 257 1634 Phil.
272 1605 335 1641 XI,
352 1608 381 1636 8.

213 1649 363 1686 Serzoeus,
387 1648 502 1679 Fontei.
524 1649 553 1678 5.
575 1647 612 1678 tle
632 1647 752 1679 cohorte
773 1646 812 1677 M
844 1646 977 1685 Fonteii,
1000 1652 1054 1676 aut

174 1690 309 1730 portitor.
