1122 1868
152 76 194 106 40
422 76 570 109 INDEX
594 77 767 109 LEGUM.

194 162 402 198 Nummarzkz,
418 163 549 194 Cornelii
564 163 667 195 Sunae.
691 163 764 194 Vid.
783 163 922 200 Cornelia
938 173 1036 196 num·-

151 216 261 235 marta.

197 248 321 279 Othonis
336 249 397 288 lex,
414 260 483 291 quae
497 249 649 288 laudatur,
665 259 720 290 pro
729 249 874 287 Murena,
890 260 915 280 c.
929 249 979 288 19,
992 254 1036 279 est

152 293 276 322 Roscia.

195 336 305 375 Papia,
322 335 383 365 lata
397 346 415 365 a
427 337 458 366 C.
472 336 580 374 Papio,
596 334 665 365 trib.
682 336 724 375 pl.
736 337 778 365 A.
790 335 831 365 U.
848 336 921 372 688,
945 334 1036 365 Cotta

150 382 180 407 et
196 378 350 419 Torquato
373 388 445 408 coss.
477 379 505 408 V
509 378 550 408 id.
567 378 658 408 Dion.
676 378 828 415 Cassium,
854 377 1035 408 XXXVII.

150 419 232 451 Eam
258 421 397 462 pluribus
419 421 490 451 locis
512 427 728 451 commemorat
750 421 813 451 Cic.
836 431 891 461 pro
906 420 1034 458 Archia,

151 473 178 493 c.
194 466 213 493 5
227 475 236 500 ς
260 474 314 504 pro
329 464 439 501 Balbo,
457 465 519 499 233
541 463 579 493 ad
595 464 684 493 Attic.
698 464 759 500 IV,
776 464 813 493 14
827 474 836 499 ;
861 463 950 494 Offic.
968 462 1034 500 ΙΙΙ,

153 507 203 536 ll.
227 506 346 542 Sanxit,
367 513 401 536 ut
417 508 581 546 peregrini
602 508 681 536 Urbe
699 508 898 546 pellerentur,
911 512 939 536 ct
963 506 1036 536 socii

151 549 263 580 Latini
272 551 408 580 nominis
419 552 451 579 in
463 560 537 580 suas
554 551 689 580 civitates
703 551 929 587 redigerentur.
947 550 1037 579 Pere-

152 593 232 632 grini
256 593 291 622 ea
318 599 403 623 aetate
430 593 484 633 qui
507 593 579 622 dicti
604 593 674 630 sint,
704 592 790 622 docet
813 593 978 632 Spanhem.
1004 592 1037 621 in

153 635 228 665 Orb.
239 635 331 665 Rom.
347 647 377 676 p.
390 646 431 665 m.
445 636 518 665 363.
542 635 587 665 Hi
599 636 697 676 primo
707 635 803 675 capite
817 635 892 676 legis
905 645 942 664 ex
954 635 1038 665 Urbe

152 678 234 708 exire
255 678 331 717 jussi
352 684 435 715 sunt,
452 688 490 708 ne
515 688 546 708 se
571 689 626 718 pro
645 678 760 708 civibus
782 679 872 708 Rom.
889 683 1037 718 gererent,

153 721 236 762 quod
251 731 269 750 a
284 721 387 751 multis
403 721 493 751 fiebat
506 732 515 756 ;
542 726 574 750 ut
583 721 656 750 olim
673 721 880 751 Gracchorum
895 720 1039 761 tempori-

152 764 211 794 bus
226 775 244 794 a
260 764 366 793 Penno
381 765 445 803 jam
467 763 615 793 sancitum
633 770 708 801 erat,
729 769 803 793 teste
820 762 883 794 Cic.
905 763 958 802 (de
973 763 1037 794 Off.

152 806 221 844 III,
242 807 293 843 ll)
314 807 368 847 qui
379 807 456 837 hanc
471 806 678 836 crudelitatem
694 806 781 836 valde
794 806 955 847 improbat.
979 806 1040 836 Al-

152 855 253 879 terum
271 855 362 890 caput
384 849 454 886 fuit,
477 859 515 879 ne
531 849 602 879 socii
620 849 724 879 Latini
746 849 856 879 Romae
876 854 982 886 essent,
1000 858 1038 879 ne

152 894 242 922 urbes
258 892 407 922 sociorum
421 892 521 922 Latin.
539 898 630 922 vastae
645 892 769 928 fierent3
787 892 869 932 quod
876 892 940 931 jam
956 897 1036 930 ante,

152 937 195 966 A.
212 935 254 965 U.
275 936 349 973 576,
370 935 420 965 lex
443 936 577 965 Claudia
599 935 761 965 consularis
782 941 888 975 rogatu
902 934 1038 975 ipsorum

153 978 302 1008 sociorum
318 984 467 1015 sanxerat,
484 988 560 1007 neve
574 988 605 1008 se
619 988 674 1018 pro
693 977 808 1007 civibus
823 977 971 1007 Romanis
986 988 1039 1018 ge-

151 1027 252 1051 rerent
273 1020 357 1062 (Liv.
368 1021 462 1057 XLI,
477 1022 506 1057 8,
521 1019 555 1059 9)
568 1032 576 1050 ε
598 1027 627 1050 et
638 1021 729 1060 paulo
739 1026 806 1060 post
816 1020 853 1049 L.
862 1020 1039 1051 Postumius

153 1064 270 1101 consul,
288 1070 321 1093 ut
331 1070 507 1100 servaretur,
519 1063 672 1093 edixerat:
692 1063 766 1093 ibid.
784 1063 896 1100 XLII,
911 1063 958 1093 10.
976 1062 1039 1094 Ita-

153 1117 223 1147 que,
240 1117 278 1136 ex
293 1106 349 1136 hac
364 1107 440 1146 lege,
458 1106 637 1136 Mamertini
653 1105 701 1135 M.
718 1106 862 1135 Crassum
874 1105 1038 1146 quemdam

153 1155 285 1189 repetere
300 1155 504 1189 susceperunt,
521 1159 539 1178 a
554 1159 615 1189 quo
627 1154 727 1178 tamen
742 1148 861 1188 incepto
875 1155 978 1189 postea
993 1159 1038 1179 re-

152 1193 274 1222 cessere.
305 1192 366 1222 Pro
383 1193 494 1227 Balbo,
514 1202 539 1222 c.
554 1193 607 1221 23.
635 1192 674 1221 In
696 1191 789 1230 hujus
809 1191 883 1232 legis
904 1197 1038 1232 tempore

152 1234 283 1275 graviter
303 1240 381 1264 errat
400 1235 552 1274 Sigonius,
575 1234 629 1275 qui
653 1244 719 1264 eam
745 1234 838 1264 latam
864 1244 927 1264 esse
946 1235 1038 1275 paulo

153 1283 220 1318 post
237 1277 399 1307 Claudiam
414 1278 466 1314 ait,
484 1277 521 1307 de
538 1277 560 1307 J
563 1299 571 1306 .
592 1278 681 1307 Prov.
699 1277 765 1313 ΙΙΙ,
787 1278 798 1306 l
814 1288 824 1313 ;
848 1287 979 1318 eumque
995 1288 1040 1307 se-

153 1327 241 1351 cutus
257 1320 402 1350 Balduin.
417 1320 439 1350 J
443 1320 549 1360 urispr.
566 1320 653 1350 Muc.
669 1331 700 1360 p.
719 1320 775 1350 101
792 1331 801 1355 ς
826 1320 948 1360 aliique,
967 1330 1038 1350 cum

153 1364 223 1404 plus
238 1370 360 1393 centum
381 1363 467 1392 annis
488 1363 566 1392 inter
586 1369 748 1403 utramque
769 1362 894 1393 intersit.
929 1362 1038 1403 Itaque

156 1406 261 1436 Cicero
287 1406 338 1446 (de
359 1405 423 1436 Off.
440 1405 505 1443 ΙΙΙ,
527 1407 577 1441 ΙΙ)
599 1416 617 1435 a
640 1406 755 1441 Penno,
779 1405 833 1445 qui
853 1410 920 1445 post
939 1405 1038 1445 legem

155 1449 317 1479 Claudiam
333 1449 420 1485 vixit,
443 1455 472 1479 et
491 1450 589 1489 legem
613 1459 697 1478 suam
716 1449 754 1477 A.
769 1448 809 1478 U.
825 1449 886 1482 (3:27
902 1449 1039 1488 promul-

153 1492 247 1532 gavit,
265 1491 436 1531 peregrinos
446 1491 659 1521 exterminatos
668 1491 740 1520 dicit
754 1492 838 1529 apud
849 1497 954 1529 patres
968 1501 1040 1521 nos-

153 1541 225 1571 tros,
242 1545 260 1563 ιι
280 1534 376 1572 Papio
392 1545 501 1574 nuper.
519 1534 653 1571 Quidam
664 1543 732 1563 vero
747 1534 822 1563 duas
837 1534 916 1573 leges
930 1540 1040 1575 putant

154 1578 230 1607 latas
245 1588 263 1606 a
281 1577 384 1617 Papio.
414 1577 484 1606 Vid.
504 1578 625 1606 Manut.
641 1576 678 1606 ad
690 1576 800 1616 Agrar.
820 1576 847 1612 Ι,
865 1579 895 1606 4.

197 1621 339 1659 Papiria,
367 1622 397 1650 C.
414 1622 537 1659 Papiri}
556 1621 713 1653 Carbonis,
729 1619 790 1659 qua
806 1619 886 1654 tulit,
901 1625 936 1650 ut
951 1629 1038 1650 eum-

151 1664 218 1693 dem
241 1663 309 1693 trib.
324 1664 405 1702 pleb.
421 1665 506 1694 toties
522 1673 624 1693 creare
639 1664 750 1704 liceret,
770 1663 886 1702 quoties
903 1663 1039 1702 populns

152 1707 246 1736 vellet.
278 1706 355 1736 Eam
383 1706 550 1736 dissuasere
576 1706 611 1735 P.
628 1705 803 1742 Africanus,
826 1704 950 1744 Laelius,
974 1705 1036 1735 alii.
