1122 1868
96 78 160 108 224
312 76 461 109 INDEX
484 77 769 110 HISTORICUS.

140 162 308 203 Epicurus,
324 163 393 194 Fin.
410 163 440 202 Ι,
456 164 486 199 7.
511 173 572 194 non
598 164 742 194 eruditus.
766 164 845 203 Ejus
861 170 979 194 senten-

91 205 136 236 tia
151 206 189 236 de
205 216 325 237 summo
340 208 419 237 bono
435 207 612 249 explicatur.
637 207 662 236 F
665 207 705 236 in.
721 208 748 243 I,
767 210 793 237 l.
809 217 834 237 c.
852 209 975 237 9—21.

94 248 242 279 refellitur
257 254 319 280 toto
334 249 412 280 libro
434 250 480 279 II.
504 250 593 279 Brut.
610 251 661 279 85.
687 255 831 288 Etpwvsm
849 249 978 280 Socratis

93 292 295 332 reprehendit.
315 292 412 323 Acad.
439 292 499 328 IV,
521 294 572 322 42.
598 303 667 322 cum
686 291 860 332 Cyrenaicis
875 292 911 322 de
927 303 979 322 vo-

94 334 211 374 luptate
236 345 294 365 non
311 336 466 365 consentit.
483 335 556 364 ibid.
582 336 632 365 30.
656 335 824 365 dialecticos
846 340 979 365 contem-

94 377 139 407 nit
159 383 188 408 et
201 377 285 408 ridet.
307 378 348 408 N.
366 378 408 407 D.
426 377 453 415 Ι,
475 381 522 408 16.
540 379 605 416 ejus
621 378 696 408 liber
711 378 748 408 (le
770 377 873 418 regula
889 384 917 408 et
929 379 981 417 ju-

92 419 189 456 dici03
208 421 272 459 ejus
284 421 439 461 prolepsis.
452 421 550 451 Totus
561 420 645 450 locus
657 421 694 450 de
707 420 774 450 Diis
787 431 823 450 ex
836 422 900 460 ejus
913 431 980 451 sen-

95 463 189 493 tentia
209 463 386 503 explicatur,
408 474 473 504 cap.
493 467 541 493 16.
568 474 650 504 seqq.
668 470 695 493 et
711 463 856 493 refellitur
872 464 977 494 eodem

93 505 180 536 libro.
193 505 220 542 Ι,
233 507 284 536 30.
296 506 413 536 videtur
423 506 577 537 nonnullis
587 507 686 536 nullos
698 506 779 536 Deos
789 506 916 536 credere.
931 505 977 544 ΙΙ,

93 551 144 579 23.
160 558 406 589 monogrammos
418 549 499 579 Deos
510 549 589 579 facit.
615 549 686 578 Div.
708 549 736 585 Ι,
754 550 784 578 3.
799 549 931 579 balbutit
945 550 983 579 de

96 592 205 621 natura
222 591 369 621 Deorum.
387 592 429 622 N.
445 592 484 621 D.
504 591 530 627 Ι,
548 594 599 621 24.
616 591 652 621 de
672 591 780 621 atomis
796 591 949 632 quomodo
964 602 982 622 a

97 633 273 664 Democrito
288 634 452 664 dissentiat.
476 634 575 664 Acad.
593 634 621 671 Ι,
645 639 673 664 1.
690 635 755 672 ejus
770 634 895 674 physica
910 640 982 664 sunt

98 676 301 707 Democritea.
318 677 393 707 Nat.
410 677 451 707 D.
467 677 496 714 Ι,
508 680 559 707 26.
576 677 607 706 in
620 676 752 718 physicis
767 677 870 707 omnia
885 688 903 707 a
918 677 982 707 De-

95 720 222 750 mocrito
238 719 338 749 habet.
364 720 403 750 ad
424 720 496 751 Div.
514 719 591 757 XV,
615 720 662 749 16.
689 720 753 759 ejus
781 720 880 748 ειδωλα
907 720 982 750 salse

94 762 239 792 ridentur.
262 762 331 792 Fin.
344 761 372 800 Ι,
390 765 419 792 5.
437 763 466 793 6.
485 765 513 795 7.
531 764 596 802 ejus
605 762 804 803 philosophiae
812 773 866 803 per
877 773 982 793 omnes

96 811 197 845 partes
215 805 415 845 reprehensio.
441 806 534 836 Acad.
553 805 613 843 IV,
638 808 689 835 32.
712 811 803 845 negat
824 816 911 845 posse
926 806 982 835 ali-

96 848 172 888 quid
196 848 320 888 percipi,
337 849 363 879 si
386 849 486 879 ullum
511 848 647 879 sensibus
671 848 770 878 visum
793 848 905 878 falsum
931 849 979 878 sit.

98 891 192 921 Tusc.
216 889 280 928 ΙΙΙ,
303 895 349 921 12.
374 892 439 931 ejus
455 891 492 922 de
507 892 622 932 origine
637 891 747 921 doloris
769 891 917 921 sententia
937 902 983 921 re-

94 933 219 964 fellitur.
244 934 289 964 N.
305 934 347 964 D.
376 933 404 971 Ι,
429 938 481 966 33.
507 935 658 965 dissensus
683 934 863 973 impatiens:
889 934 982 964 libros

96 976 214 1017 scripsit
235 983 339 1007 contra
354 977 570 1009 Timocratem.
587 977 625 1007 ad
641 977 712 1007 Div.
731 976 810 1014 VII,
827 978 878 1007 26.
902 977 982 1007 male

97 1019 242 1060 accipitur
257 1030 275 1050 a
297 1021 416 1058 Stoicis,
440 1020 522 1062 quod
543 1031 575 1050 se
589 1019 783 1050 reformidare
807 1019 879 1049 dicit
901 1022 979 1054 παθη

97 1061 247 1100 δυσουρικα
269 1075 313 1092 και
330 1063 520 1103 ὃυσεντερικα.
537 1063 608 1093 Div.
628 1062 673 1098 ΙΙ,
690 1064 740 1093 50.
757 1072 827 1092 eum
842 1062 980 1092 hebetem

93 1110 122 1134 et
134 1104 239 1134 rudem
251 1105 347 1136 dicere
357 1106 452 1136 solent
463 1106 564 1136 Stoici.
576 1106 648 1136 Div.
658 1104 684 1141 Ι,
694 1106 745 1136 39,
753 1105 870 1134 nullam
884 1110 982 1134 censet

96 1147 260 1187 gratuitam
277 1159 338 1179 esse
354 1148 505 1179 virtutem.
522 1149 593 1179 Div.
612 1148 639 1185 Ι,
656 1149 707 1178 30.
725 1148 815 1178 sentit
830 1147 907 1177 nihil
922 1157 981 1177 un-

97 1200 191 1230 quam
201 1191 332 1232 elegans,
348 1191 425 1221 nihil
437 1192 587 1222 decorum.
604 1192 676 1221 Nat.
688 1190 728 1220 D.
743 1190 788 1227 ΙΙ,
806 1191 853 1225 17.
868 1190 899 1220 in
907 1190 983 1229 jocis

97 1232 236 1273 frigidus.
260 1234 285 1264 F
288 1235 329 1264 in.
350 1233 396 1271 II,
416 1238 446 1266 3.
474 1234 641 1276 sapientem
662 1244 694 1264 se
713 1233 880 1274 profitetur.
906 1233 981 1263 Nat.

96 1274 140 1305 D.
156 1277 185 1313 I,
202 1279 253 1307 41.
275 1278 340 1316 ejus
354 1277 425 1307 libri
445 1277 482 1308 de
498 1278 654 1308 sanctitate
669 1282 698 1307 et
712 1276 822 1317 pietate
841 1276 983 1307 adversus

97 1317 191 1348 Deos.
216 1320 284 1349 Fin.
302 1320 331 1357 Ι,
351 1321 399 1350 18.
416 1320 561 1350 amicitias
571 1326 649 1350 recte
663 1319 765 1350 coluit.
782 1319 830 1356 ΙΙ,
847 1320 899 1349 30.
917 1319 983 1358 ejus

96 1362 252 1392 morientis
268 1363 393 1403 epistola
408 1363 446 1393 ad
463 1363 683 1393 Hermachurn.
700 1362 737 1392 de
752 1362 820 1392 Fat.
837 1365 866 1392 9.
882 1361 981 1391 fatum

97 1404 276 1442 extimescit,
290 1411 319 1435 et
330 1407 368 1436 ab
377 1406 485 1436 atomis
495 1406 570 1447 petit
581 1405 768 1446 praesidium,
782 1405 840 1435 &c.
856 1405 983 1435 Senten-

95 1446 137 1477 tia
152 1448 216 1486 ejus
232 1447 268 1478 de
283 1448 354 1479 fato.
379 1448 513 1479 Moritur
542 1448 676 1479 LXXII
703 1457 796 1478 annos
820 1453 920 1485 natus,
937 1457 985 1476 ar-

98 1489 207 1519 chonte
224 1490 397 1531 Pytharato.
415 1491 453 1522 ad
469 1491 541 1522 Div.
558 1490 659 1528 XIII,
680 1494 706 1521 l.
722 1495 901 1520 testamento
916 1499 984 1520 suc-

98 1533 263 1563 cessoribus
278 1533 339 1563 suis
355 1534 513 1575 Epicureis
528 1535 652 1564 hortum
667 1543 757 1564 suum
769 1538 798 1563 et
810 1532 886 1562 aedes
900 1533 983 1572 lega-

98 1575 153 1611 vit,
167 1585 242 1616 quas
264 1575 372 1606 deinde
399 1577 436 1607 C.
461 1577 631 1607 Memmius
652 1575 737 1613 emit,
752 1581 905 1616 repetente
924 1575 985 1605 Pa-

100 1623 185 1647 trone
201 1618 362 1659 Epicureo.

137 1660 281 1700 Epigoni,
308 1660 383 1701 Opt.
413 1658 453 1693 G.
478 1662 534 1693 Or.
556 1663 586 1693 6.
607 1660 771 1702 Tragoedia
787 1659 927 1701 AEschyli
954 1665 984 1691 et

95 1702 194 1734 Accii.
217 1703 311 1734 Tusc.
335 1703 382 1741 II,
400 1707 450 1735 ⁶25.
473 1705 536 1735 Off.
555 1705 583 1743 I,
600 1709 652 1736 31.

139 1746 352 1787 Epimenides,
370 1747 455 1787 Cres,
470 1747 575 1779 Divin.
590 1747 617 1787 Ι,
638 1748 685 1778 13.
701 1746 898 1779 concitatione
907 1745 985 1788 qua-
