1122 1868
165 109 228 140 414
381 106 529 138 INDEX
553 106 839 138 HlSTORICUS.

164 200 267 224 mente
282 192 386 223 Deum
399 192 479 223 facit.
503 192 576 223 Div.
595 192 622 232 Ι,
634 193 664 223 3.
681 189 896 223 divinationem
913 191 1051 225 funditus

167 236 298 268 sustulit.

209 280 395 318 Xenophon,
422 278 598 309 Socraticus.
637 277 725 309 Orat.
747 277 812 316 111,
840 278 891 307 34.
913 278 1051 318 Agesilai

167 329 341 362 praeceptor.
366 322 403 352 ad
420 322 492 352 Div.
510 322 552 358 V,
572 325 619 351 12.
637 322 701 360 ejus
715 321 836 351 libellus
852 320 889 350 de
903 321 1050 361 Agesilao

166 365 318 395 laudatur.
350 365 391 395 N.
409 364 451 394 D.
476 364 502 402 Ι,
530 365 578 394 12.
600 364 771 394 inconstans
789 364 821 393 in
842 363 989 394 sententia
1012 364 1051 395 de

166 407 246 438 Dea.
271 409 364 438 Tusc.
382 409 429 443 ΙΙ,
446 409 496 437 26.
511 408 549 437 ab
569 406 710 437 Africano
725 417 841 447 semper
855 406 887 436 in
909 406 1051 438 manibus

165 451 304 481 habetur.
329 451 401 480 Div.
417 450 444 487 Ι,
461 452 512 480 53.
527 450 657 480 consulit
672 450 836 486 Socratem,
853 458 892 478 an
907 456 1051 490 sequatur

169 493 298 534 Cyrum.
317 494 354 523 ad
373 493 436 531 Qu.
459 493 509 522 Fr.
529 492 555 527 I,
576 496 602 522 1.
619 494 648 521 8.
671 492 788 532 Cyrum
812 501 872 521 non
897 491 935 521 ad
959 492 1052 523 fidem

165 536 296 567 historiae
311 536 427 576 scripsit
441 547 448 566 :
467 537 532 574 ejus
551 534 764 576 Cyropaediam
779 534 943 564 Africanus
954 535 1055 566 minor

168 589 230 609 non
245 581 376 620 ponebat
391 579 428 608 de
446 579 596 608 manibus.
620 577 692 607 Div.
715 578 743 615 Ι,
760 579 811 607 25.
835 577 867 607 in
883 576 918 606 eis.
933 577 1053 617 militia,

171 623 234 662 qua
260 633 330 652 cum
359 621 441 661 Cyro
461 621 578 651 minore
598 620 773 661 perfunctus
793 625 848 659 est,
875 629 931 650 sua
953 620 1055 652 scribit

166 665 297 703 somnia,
313 674 446 706 quorum
461 670 585 694 eventus
599 663 762 694 mirabiles.

591 749 627 779 Z.

212 839 375 875 Zaleucus,
389 838 464 878 Leg.
474 837 502 875 Ι,
516 838 566 867 22.
585 836 738 877 legislator
753 835 961 867 Locrensium.
983 837 1052 868 Att.

171 881 232 919 VI,
255 885 280 912 l.
297 892 335 912 an
359 882 439 921 leges
461 881 564 911 Locris
585 880 746 921 scripserit,
769 879 887 910 necne?
910 879 985 920 Leg.
1003 880 1052 920 ΙΙ,

168 925 201 954 6.
214 931 304 965 negat
319 925 419 954 ullum
435 924 528 954 fuisse
543 923 689 953 Timaeus·

214 969 307 1005 Zeno,
324 967 463 1003 Cfflieus,
483 967 582 997 Acad.
600 965 628 1003 Ι,
647 967 695 995 lo.
716 966 763 995 ll.
783 966 832 995 12.
856 965 976 996 auditor
993 966 1056 996 Po-

169 1010 316 1040 lemonis:
341 1010 487 1049 corrigere
518 1015 643 1039 conatur
671 1008 862 1049 disciplinam
897 1009 1058 1039 Academi-

168 1063 257 1083 cam:
282 1054 313 1083 in
327 1053 438 1094 quibus
453 1052 644 1082 discesserit?
669 1052 868 1092 phssosophiae
887 1052 952 1091 ejus
975 1062 1058 1082 com-

172 1096 328 1136 pendium.
344 1096 385 1126 ib.
407 1099 455 1126 13.
479 1096 543 1133 ejus
558 1095 750 1135 philosophia
770 1101 814 1124 est
828 1095 929 1136 potius
943 1105 1058 1125 correc-

170 1139 214 1169 tio
236 1149 329 1179 quam
345 1139 542 1169 commutatio
551 1137 727 1168 Academiae
742 1138 858 1174 veteris,
870 1148 907 1168 ex
917 1138 1059 1178 opinione

171 1182 328 1212 Antiochi.
341 1182 379 1211 ad
393 1181 466 1211 Div.
484 1179 547 1218 ΙΧ,
566 1184 617 1210 22.
634 1180 671 1210 de
686 1181 877 1210 obscoenitate
896 1182 1058 1212 verborum

171 1230 289 1265 pugnat
304 1235 375 1254 cum
395 1224 571 1254 Academia.
596 1223 682 1253 Mur.
709 1225 759 1253 29.
783 1224 847 1262 ejus
869 1223 1060 1264 philosophia

170 1267 295 1297 ridetur.
319 1267 387 1297 Fin.
404 1267 469 1304 ΙΙΙ,
487 1271 516 1297 2.
532 1277 593 1297 non
605 1272 668 1296 tam
684 1276 786 1296 rerum
800 1266 949 1304 inventor,
966 1277 1061 1306 quam

170 1311 332 1340 verborum
352 1320 509 1340 novorum.
535 1310 582 1340 Cf.
608 1309 701 1339 Tusc.
727 1308 774 1347 ΙΙ,
804 1310 854 1339 12.
882 1308 954 1339 Div.
973 1308 1001 1347 Ι,
1027 1310 1059 1340 3.

171 1359 275 1383 manet
299 1354 330 1382 in
351 1353 548 1393 antiquorum
568 1352 818 1394 philosophorum
845 1351 993 1382 sententia
1021 1352 1060 1383 de

170 1395 364 1426 divinatione.
382 1396 455 1426 ibid.
472 1396 503 1425 in
521 1396 581 1426 suis
597 1394 820 1426 commentariis
835 1394 923 1436 quasi
942 1395 1059 1426 semina

170 1439 313 1479 quaedam
326 1439 435 1479 sparsit
449 1439 680 1469 divinationum.
695 1437 792 1468 Acad.
805 1438 866 1476 IV,
884 1438 934 1468 41.
950 1438 1062 1469 aethera

172 1491 329 1511 summum
347 1481 452 1512 Deum
468 1492 531 1512 esse
545 1488 644 1522 putat,
660 1487 762 1511 mente
776 1481 948 1520 praeditum.
967 1481 1062 1512 Tusc-

173 1523 202 1560 Ι,
216 1526 245 1554 9.
261 1525 399 1554 animum
414 1524 517 1565 ignem
533 1530 631 1565 putat.
655 1523 751 1553 Acad.
774 1522 802 1561 Ι,
827 1528 876 1555 12.
892 1530 981 1564 negat
996 1534 1059 1555 esse

171 1567 288 1607 aliquid
308 1578 405 1607 posse,
428 1567 510 1608 quod
534 1577 595 1597 non
611 1567 650 1597 sit
663 1576 780 1607 corpus.
813 1567 906 1597 Tusc.
924 1566 966 1603 V,
983 1567 1013 1597 6.
1030 1569 1061 1602 7.

172 1611 229 1639 διε.
247 1610 311 1648 ejus
330 1610 368 1640 de
385 1610 662 1651 perturbationibus
685 1609 829 1640 doctrina.
852 1609 916 1641 Off.
935 1609 1002 1648 ΙΙΙ,
1028 1611 1059 1641 8.

170 1658 260 1693 putat
275 1661 329 1682 nos
344 1653 382 1682 ad
398 1653 585 1683 honestatem
603 1659 690 1682 natos
714 1662 788 1689 esse,
810 1662 938 1693 eamque
962 1653 1058 1684 solam

171 1705 235 1725 esse
257 1695 467 1735 expetendam.
491 1696 587 1725 Acad.
606 1695 663 1733 IV,
680 1697 731 1724 24.
756 1695 788 1724 in
812 1705 874 1736 quo
897 1696 962 1734 ejus
985 1705 1056 1726 cum

170 1737 307 1768 Arcesila
329 1737 492 1778 disputatio
508 1744 648 1769 vertatur.
672 1738 714 1767 N.
730 1737 773 1768 D.
791 1737 819 1775 I,
839 1739 887 1768 14.
903 1739 968 1776 ejus
990 1748 1060 1768 sen-

169 1780 263 1811 tentia
275 1780 312 1810 de
325 1780 393 1812 Diis
408 1792 414 1810 z
433 1781 587 1822 quomodo
603 1781 730 1811 Hesiodi
742 1780 953 1821 Theogoniam
965 1781 1058 1812 inter-
