1122 1868
130 108 193 137 222
344 106 490 139 INDEX
515 104 801 137 HIS'PORICUS.

177 191 231 222 Cn.
258 192 416 234 Egnatius,
447 192 569 223 Cluent.
592 192 643 222 48.
667 198 793 222 senator.
820 191 935 222 Filium
958 190 1017 221 Cn.

130 234 300 275 Egnatium
316 235 496 273 exhaeredat,
513 234 595 276 quod
613 235 643 264 in
654 234 768 274 judicio
777 234 799 264 J
802 234 914 264 uniano
926 243 1018 274 pecu-

131 277 197 307 nias
213 278 346 319 cepisset.

174 321 321 361 Egnatius
340 321 497 357 an'mus,
514 320 552 350 ad
568 321 636 350 Att.
655 319 753 357 XIII,
771 323 822 349 34.

176 363 330 404 Egnatius,
355 364 516 401 Sidicinus,
542 363 580 393 ad
604 365 672 393 Att.
690 363 750 401 VI,
772 367 798 394 l.
826 362 942 394 debitor
965 362 1018 393 Ci-

131 416 255 437 ceronls.

174 450 214 479 L.
250 450 404 490 Egnatius,
429 449 496 478 Att.
523 449 566 485 X,
596 452 642 479 15.
673 448 841 479 foenerator.
878 447 938 487 IV,
966 450 1015 480 12.

132 492 214 528 VII,
231 493 278 522 18.
304 492 364 522 Hic
376 492 452 521 forte
467 491 547 521 idem
564 502 633 521 cum
649 502 710 532 seq.

176 536 216 565 L.
235 536 379 573 Egnatius
396 534 508 574 Rufus,
527 534 564 563 ad
582 535 653 564 Div.
668 534 767 571 XIII,
784 538 835 564 43.
854 536 909 565 ἃς.
926 546 1018 576 eques

133 577 305 614 Romanus,
331 577 506 617 negotiator.
542 576 610 606 Viri
632 577 722 613 docti,
744 584 894 617 quantum
910 588 947 608 ex
963 579 1018 607 ob-

133 621 349 651 servationibus
374 620 411 649 ad
437 620 468 649 h.
482 620 502 648 l.
519 625 548 649 et
568 619 640 649 alibi
664 619 810 659 intelligo,
836 620 890 650 hos
913 630 1018 651 omnes

132 673 187 703 pro
203 664 307 693 eodem
328 663 450 692 habent.
474 662 553 701 Ego,
571 662 608 691 ad
624 662 799 700 minimum,
817 668 874 692 tres
897 663 1019 692 distinc-

132 711 177 735 tos
199 706 335 735 homines
361 711 457 745 puto;
482 714 579 734 unum
606 704 785 742 Sidicinum,
814 705 866 746 qui
892 705 1020 735 debebat

135 748 283 782 Ciceroni,
301 758 423 783 nomen,
440 757 538 787 neque
553 747 704 787 optimum
729 758 826 788 neque
840 748 1018 788 pessimum,

134 790 216 831 quod
231 791 262 820 in
275 790 363 820 illum
381 790 500 820 Rufum
521 800 580 819 non
597 791 745 825 convenit,
767 790 921 820 hominem
943 791 1020 820 divi-

132 839 195 863 tem
212 840 241 863 et
256 833 287 862 in
303 833 463 873 provinciis
479 832 599 872 negotia
618 842 730 873 magna
744 833 904 863 habentem
919 845 925 863 ;
945 834 1020 864 alte-

132 886 215 913 rum,
233 876 286 916 qui
302 876 388 912 Rufi,
400 875 533 911 tertium,
551 875 604 915 qui
620 875 765 913 Maximi,
782 886 947 916 cognomen
963 876 1018 906 ha-

131 920 209 949 beat.
235 919 319 948 Nam
339 924 504 959 utrumque
525 928 691 958 cognomen
716 919 850 958 ejusdem
875 929 937 950 esse
956 928 1017 949 non

133 967 250 1002 putem.

176 1005 216 1034 L.
234 1004 440 1044 Egnatuleins,
463 1003 544 1033 Phil.
574 1003 639 1040 III,
664 1005 693 1033 3.
717 1010 847 1045 quaestor
866 1004 1017 1045 legionem

131 1046 282 1077 Martiam
310 1047 349 1077 ab
378 1046 515 1077 Antonio
536 1047 644 1077 avertit
665 1047 704 1077 ad
725 1047 889 1078 Octavium
917 1047 1018 1078 Caesa-

133 1100 208 1120 rem.

175 1133 395 1173 Egritomarus,
416 1131 448 1162 in
470 1131 572 1163 Caecss.
589 1135 640 1162 21.
665 1132 784 1170 Gallus,
809 1132 866 1163 Cn.
883 1132 1017 1163 Domitii

132 1175 253 1216 hospes,
271 1176 326 1206 &c.

179 1219 298 1255 Elisius,
315 1217 483 1253 Terinaeus..
510 1218 602 1249 Tusc.
620 1219 648 1256 I,
670 1219 720 1247 48.
742 1218 839 1248 filium
856 1218 946 1249 nimis
969 1219 1018 1249 lu-

128 1270 213 1301 gens,
222 1261 252 1290 in
263 1262 492 1301 psychomantio
502 1261 576 1302 quid
585 1261 718 1302 responsi
731 1261 886 1302 acceperit,
895 1273 911 1292 e
921 1261 1018 1293 Cran-

134 1303 206 1334 toris
222 1304 432 1334 consolatione.

177 1347 375 1383 Elesz'uciolus,
393 1347 482 1377 Font.
499 1348 528 1376 5.
549 1347 667 1377 videtur
682 1347 718 1377 de
734 1347 852 1378 cohorte
868 1347 917 1377 Μ.
933 1348 1015 1378 Fon-

132 1389 184 1418 teii
196 1389 296 1419 fuisse.
320 1390 442 1419 Nomen
459 1390 636 1420 Romanum
652 1400 711 1419 non
728 1390 855 1420 videtur.

179 1432 374 1469 Empedocles,
404 1432 459 1462 Or.
485 1432 511 1469 I,
535 1435 586 1463 50.
625 1433 852 1473 Agrigentinus,
872 1433 1014 1474 physicus

132 1473 249 1504 dictus:
274 1475 428 1515 egregium
449 1476 558 1515 poe'ma
581 1476 658 1505 fecit.
684 1476 757 1505 Nat.
780 1475 822 1505 D.
841 1475 868 1513 I,
895 1479 942 1507 12.
957 1477 1017 1506 ele-

132 1522 235 1546 menta
257 1517 337 1546 Deos
367 1517 446 1547 facit.
480 1518 577 1548 Acad.
603 1517 649 1555 II,
676 1521 722 1548 13.
747 1519 903 1548 confitetur
929 1519 1015 1559 igno-

134 1559 276 1594 rantiam,
289 1565 324 1589 ut
334 1560 475 1590 Socrates.
501 1561 681 1601 Pythagorae
692 1561 866 1601 discipulus,
879 1561 916 1591 de
928 1563 1016 1601 cujus

131 1601 249 1641 scriptis
260 1601 318 1631 vid.
336 1609 443 1642 praeter
457 1604 541 1639 alios,
559 1604 676 1634 Fabric.
701 1604 740 1633 B.
757 1604 795 1633 G.
814 1603 860 1640 II,
881 1606 926 1634 12.

178 1645 339 1682 Empiricz‘,
357 1645 452 1675 Acad.
468 1645 514 1683 II,
529 1647 580 1676 39.
603 1656 698 1687 genus
714 1646 910 1683 medicorum,
933 1646 1015 1687 quod

132 1687 296 1727 opponitur
307 1693 425 1723 λογικοις
438 1700 543 1725 ιατροις
555 1700 604 1729 ap.
627 1689 754 1719 Sextum
765 1689 858 1729 Emp.
872 1689 942 1719 adv.
953 1689 1015 1719 Lo-

133 1730 191 1770 gic.
207 1730 225 1770 g
244 1731 313 1759 156.
331 1732 399 1760 191.
435 1730 523 1761 Nihil
543 1732 713 1769 anatomiae,
741 1731 816 1761 nihil
843 1732 1014 1770 semioticae,

130 1772 254 1804 tribuit:
278 1772 381 1803 onmia
405 1773 437 1804 in
457 1783 515 1805 usu
531 1779 560 1805 et
576 1774 789 1815 experimentis
812 1775 908 1816 ponit.
931 1774 1015 1818 ⁸Vid.
