1122 1868
173 85 214 114 52
439 86 589 117 INDEX
612 85 788 119 LEGUM.

173 170 231 200 διο.
257 168 393 203 Cautum
412 177 456 203 est
473 173 564 203 etiam
584 172 619 204 ea
638 173 704 213 lege
718 172 755 202 de
769 170 889 212 pascuis
903 169 1052 207 nonnihil,

173 218 208 242 ut
233 213 372 254 colligere
394 214 463 245 licet
486 226 503 246 e
526 216 589 246 Cic.
609 216 646 246 de
668 216 724 246 Or.
749 214 796 252 ΙΙ,
817 215 868 250 70.
896 213 974 253 Ejus
992 213 1054 243 duo

173 254 343 328 {rangnIenta
370 257 500 299 insignia
524 259 617 290 edidit
639 258 791 299 Sigoniu5‚
815 257 854 288 de
880 257 957 288 Ant.
975 256 1009 287 J.
1027 255 1054 287 1.

187 298 228 328 ib.
283 322 292 337 ,
315 310 340 330 c.
357 302 388 330 2.

219 340 306 379 Titia,
319 343 413 383 (quae‚
429 354 483 384 pro
500 344 623 375 Muren.
636 355 661 375 c.
675 346 705 381 8,
718 343 872 380 laudatur,
889 342 999 383 Pighio
1013 341 1053 372 ad

174 394 201 414 a.
210 384 287 424 488)
302 386 419 416 videtur
434 397 495 417 esse
508 388 628 425 eslim,
642 387 709 418 trib.
722 388 765 427 pl.
783 386 836 427 qui
850 386 902 416 illo
917 395 996 415 anno
1010 385 1055 415 le-

171 437 242 466 gem
258 427 339 465 tulit,
355 429 392 459 de
407 436 591 470 quaestorum
605 440 732 460 numero
741 429 933 470 duplicando,
950 434 979 458 et
987 438 1057 468 pro-

172 469 277 500 vinciis
297 473 464 512 quaestoriis
482 473 649 511 sortiendis,
673 483 689 503 e
708 472 810 503 sCto:
835 471 897 512 qua
916 471 1056 511 opinione

172 512 247 542 nihil
265 524 296 543 se
310 515 494 554 probabilius
509 527 527 546 a
541 526 696 557 quoquam
711 515 769 546 dici
784 514 904 553 vidisse,
919 514 961 544 ait
971 513 1057 544 Grae-

173 555 240 586 vius
254 556 292 585 ad
308 557 337 586 h.
354 558 375 587 1.

222 599 311 628 Titiae
327 601 418 641 leges,
435 612 514 642 quae,
531 602 568 632 de
579 602 677 642 Legg.
700 600 746 638 ΙΙ,
763 602 795 638 6,
817 600 970 637 dicuntur,
987 602 1058 629 sunt

174 643 250 672 Sext.
266 642 482 678 7'irii‚seditiosi
492 645 616 682 tribuni,
628 645 710 675 A.U.
722 646 794 674 654.
812 643 899 673 Tulit
909 643 1056 681 agrariam

171 685 280 725 legem.
304 685 344 716 V.
361 686 423 717 Cic.
440 687 477 717 de
493 687 548 718 Or.
569 687 614 725 ΙΙ,
634 688 682 717 11.
712 687 807 724 Titia,
824 697 892 726 quae
907 694 1057 715 memora-

172 734 222 758 tur
237 728 275 758 de
290 728 385 769 Legg.
403 729 449 767 ΙΙ,
475 731 524 766 12,
548 731 611 761 sine
628 730 721 760 dubio
744 735 787 760 est
801 728 946 768 ejusdem.
969 727 1054 757 Nam

173 770 278 801 eodem
300 772 403 810 modo,
427 779 462 803 ut
477 783 501 803 c.
518 774 549 810 6,
563 774 703 813 jungitur
719 773 823 803 Liuiis.
845 773 951 812 Atque
966 780 1003 800 ex
1019 779 1054 800 eo

172 813 238 843 loco
265 814 341 844 mihi
365 815 399 844 fit
422 816 601 854 verosimile,
623 818 716 847 ‘sitias
732 816 804 857 leges
819 824 873 856 per
896 813 1053 854 enallagen

170 855 229 886 dici
245 867 299 897 pro
315 857 394 887 Titia
411 859 481 899 lege.

219 899 388 930 Tribunicia
416 901 467 931 lex
496 902 605 932 dicitur
628 901 803 943 saepissime,
826 899 923 942 (quod
947 908 1051 929 omnes

173 942 286 980 sciunt)
307 954 376 983 quae
395 954 414 974 a
432 944 554 975 tribuno
571 946 633 975 lata
653 951 719 981 θεῖς
752 944 803 975 sed
820 943 897 973 illud
913 942 1053 982 neglexe-

172 991 244 1015 runt
266 996 381 1024 omnes,
398 997 474 1027 quos
492 988 565 1026 vidi,
588 988 837 1025 animadvertere,
856 985 1053 1015 Tribwuciam

171 1027 262 1067 legem
276 1029 335 1059 dici
350 1029 440 1059 etiam
456 1040 523 1060 eam
539 1041 631 1071 quam
644 1030 807 1071 Pompeius
826 1028 897 1058 tulit
911 1030 946 1058 de
961 1028 1055 1057 tribu-

171 1073 217 1100 nis
231 1073 399 1110 reficiendis
416 1079 551 1110 potestate
564 1074 700 1112 ρνὶςῑὶηά,
716 1082 809 1113 quam
826 1071 861 1101 iis
877 1071 968 1102 Corn.
982 1070 1054 1100 Sul-

173 1113 203 1143 la
218 1114 378 1144 ademerat.
404 1114 442 1145 In
458 1116 586 1146 Verrem
603 1116 631 1154 Ι,
648 1126 672 1146 c.
688 1116 746 1146 16:
768 1114 869 1144 Valent
884 1114 979 1143 adhuc
992 1117 1055 1152 post

172 1156 270 1197 legem
291 1157 484 1188 tribuniciam
504 1161 610 1199 (quam
621 1169 660 1189 sc.
678 1157 842 1198 Pompeius
860 1157 943 1193 tulit)
961 1166 1054 1185 unum

171 1206 329 1229 senatorem
341 1200 386 1230 vel
399 1202 597 1231 tenuissimum
617 1212 674 1232 esse
691 1202 871 1231 damnatum.
903 1199 952 1230 Sic
965 1199 1056 1237 judi-

172 1243 252 1272 cium
271 1242 434 1272 Iunianum
458 1244 625 1284 significare
646 1250 744 1285 potest
765 1253 826 1273 non
844 1243 954 1278 solum,
970 1240 1053 1283 quod

173 1285 318 1322 exercuit,
344 1286 393 1316 cui
415 1287 536 1327 praefuit
553 1287 668 1317 Junius
686 1288 730 1328 (et
751 1286 792 1316 sic
810 1291 854 1316 est
870 1285 901 1315 in
917 1283 1054 1315 Cluenti-

170 1327 257 1367 ana)‚
273 1328 325 1358 sed
341 1329 430 1359 etiam
448 1330 530 1369 quod
545 1330 603 1359 fuit
618 1329 655 1360 de
670 1329 778 1365 Junio,
794 1329 826 1358 in
841 1338 902 1369 quo
914 1338 982 1358 reus
996 1325 1055 1356 fuit

171 1371 194 1401 J
197 1372 299 1408 unius,
330 1376 364 1401 ut
396 1382 474 1412 saepe
499 1373 614 1411 judicia
638 1372 720 1414 apud
750 1372 925 1402 Ciceronem
954 1381 973 1400 a
997 1369 1055 1399 reis

172 1421 336 1450 vocantur3
364 1425 391 1444 v.
409 1425 433 1445 c.
452 1415 602 1454 judicium
618 1415 732 1452 Verris‚
750 1413 894 1450 Cluentii,
911 1414 968 1443 &c.

217 1456 315 1486 Tullia
349 1458 391 1498 (a
415 1458 461 1487 M.
487 1458 624 1488 Cicerone
651 1459 686 1488 de
714 1459 825 1488 ambitu
855 1457 927 1493 lata,
953 1455 993 1486 A.
1012 1454 1054 1485 U.

173 1498 251 1538 690)
267 1506 464 1539 memoratur,
484 1500 516 1530 in
532 1501 637 1531 Vatin.
663 1502 722 1537 153
745 1510 800 1540 pro
815 1501 897 1530 Sext.
915 1499 976 1534 64;
1000 1507 1054 1538 pro

173 1542 259 1571 Mur.
276 1552 301 1572 c.
317 1544 370 1580 32,
388 1554 448 1583 seq.
464 1554 502 1573 ex
525 1554 586 1586 quo
608 1544 672 1574 loco
694 1542 860 1573 accuratius
881 1550 1055 1581 cognoscere

171 1584 250 1614 hanc
265 1585 363 1625 legem
378 1585 456 1616 licet.
483 1587 568 1616 Nam
584 1587 715 1617 ambitus
735 1595 844 1626 genera
866 1585 904 1614 ab
920 1583 1054 1624 Sulpicio

171 1628 288 1666 objecta
317 1628 458 1658 Murenae
487 1635 773 1666 commemorantur,
808 1635 837 1658 et
865 1626 1052 1656 refelluntur.

173 1669 268 1700 l’oena
283 1670 373 1700 etiam
389 1671 520 1701 acerbior
535 1671 570 1701 ea
591 1672 751 1702 constituta
770 1680 831 1701 esse
850 1669 970 1706 dicitur,
986 1677 1055 1709 quae

171 1712 202 1741 in
219 1713 386 1753 Calpurnia
403 1713 472 1750 fuit,
492 1723 602 1754 nempe
623 1715 777 1750 exsilium,
793 1717 835 1746 (v,
855 1712 978 1742 Mul-en.
998 1710 1054 1747 41)

171 1755 263 1796 idque
274 1755 377 1786 decem
387 1766 547 1796 annorum,
558 1763 593 1787 ut
604 1757 695 1788 tradit
707 1756 768 1787 Dio
779 1756 861 1786 Cass.
876 1752 1055 1785 XXXVII.
